2846 4812
268 386 327 451 roe
474 325 763 442 ΣΤΑΔὸΑΣΜοΣ
781 381 890 442 uror
909 347 1167 444 narrandas

638 561 798 650 Λοιπὸν
825 563 999 650 Κυρήνη.
1024 575 1026 581 “

349 715 421 782 Ἀπὸ
442 715 641 792 Ἀπολλωνίας
663 715 705 793 εἰς
727 721 908 780 Φννοῦντοιι
933 719 1014 780 orori.
1038 716 1073 800 ρ’.
1098 715 1193 800 ὅρμος
1208 717 1266 782 dori
1283 726 1351 800 depr·

266 819 320 895 νὸς
339 827 403 894 τοῖς
424 815 477 906 oitp’
490 817 615 898 ἑσπέρας
636 812 775 899 οἷνὲμοις,
795 815 846 878 καλ
860 815 967 898 κώμην
980 814 1173 899 [ὸρμλζονοον
1189 815 1241 880 ὁπ’
1255 815 1350 898 adroic]

240 921 314 1004 ,καὶ
337 917 421 999 ὕδωρ
444 919 511 1000 ἔχει.
554 911 627 979 Ἀπὸ
650 917 825 991 Φοκοῦντος
845 917 888 992 εἷς
912 917 1074 980 Νοινοίὸν2
1100 919 1180 980 σταὸ.
1205 914 1258 996 po'.
1278 915 1352 998 κώμη

266 1018 364 1082 iuria·
392 1021 450 1100 ἔχει
471 1015 553 1097 ὕδωρ
577 1016 615 1078 ἐν
628 1021 672 1100 τῷ
692 1017 825 1100 αἰγιαλῷ.
867 1013 940 1078 Ἀπὸ
965 1018 1117 1092 Νανοίὸος
1139 1019 1182 1092 εἰς
1204 1019 1354 1098 Πτολεμαῖ’·

267 1121 329 1180 ὸν3
354 1117 436 1202 στοὸἸ
458 1113 509 1178 ovs
533 1113 620 1190 πόλις
642 1114 703 1176 ἐστὶ
724 1116 863 1200 μεγίστη·
886 1110 1026 1190 ἐπλοολὸς
1048 1115 1127 1178 ἔστιν
1149 1113 1166 1179 ὸ
1187 1116 1298 1193 τόπος,
1314 1115 1355 1180 aei

265 1224 358 1300 νῆσον
388 1214 462 1298 ἕχέι,
483 1215 564 1290 Ἴλος
592 1211 758 1279 καλεῖται(
774 1213 949 1296 οἲοφοιλίζον.
990 1211 1063 1280 Ἀπὸ
1094 1217 1297 1296 Πτολεμαΐδος
1321 1217 1355 1288 εἰς

269 1315 453 1398 Tropaeum*
478 1317 558 1378 στοιὸ.
581 1311 636 1378 ον’.
659 1308 1058 1391 πόλιςέοτὸΠενναπὸλεως
1078 1310 1206 1396 apporia·
1229 1313 1301 1396 αὕτη
1314 1340 1354 1376 ao·

266 1422 358 1478 λεῖπον
387 1413 535 1495 Ἀρσινόη.
577 1410 650 1479 Ἀπὸ
677 1417 835 1502 Τεοχελμος
857 1417 899 1492 εἰς
921 1415 1111 1496 Βερενίκηνὸ
1137 1415 1219 1480 orori.
1248 1413 1294 1478 aa!
1326 1413 1354 1474 ‘0

624 1599 784 1665 Deinde
814 1563 1005 1683 Cyrenes.

318 1748 383 1806 'Ab
403 1748 557 1881 Appllonia
584 1751 619 1808 ad
647 1752 800 1830 Phycunta
819 1749 914 1807 stadia
934 1751 999 1807 100.
1038 1748 1145 1806 Portus
1166 1758 1213 1805 est
1231 1749 1355 1805 aestivus.

266 1825 315 1899 qui
355 1824 439 1882 defen
462 1837 484 1881 rt
520 1845 537 1884 a
574 1830 670 1888 ventis
707 1845 796 1884 nares
825 1825 860 1884 ab
897 1844 1001 1882 occasu
1039 1823 1177 1882 flantibus
1217 1833 1247 1880 et
1284 1823 1357 1878 habet

263 1902 363 1958 villam
396 1913 426 1956 et
457 1920 578 1977 aquam:
628 1901 882 1960 A'Phoenicnnte
916 1901 952 1969 a'rl
979 1899 1140 1958 Nausidem
1176 1900 1270 1956 stadia
1306 1899 1356 1956 100.

265 1975 353 2032 l'ieus
387 1986 439 2032 eat.
493 1976 528 2034 lu
553 1981 641 2035 litore
667 1997 772 2054 aquam
797 1975 892 2034 habet.
933 1978 958 2034 A
989 1975 1118 2033 Nauside
1151 1976 1186 2032 ad
1214 1975 1356 2032 Ptolemai-

266 2051 331 2107 dem
352 2051 446 2107 stadia
465 2051 529 2108 250.
569 2053 624 2110 Est
644 2049 780 2130 oppidum
800 2070 954 2132 maguum:
975 2062 1020 2108 est
1037 2053 1135 2110 ventis
1156 2054 1318 2128 expositum
1335 2059 1357 2106 et

161 2191 163 2193 ¹
264 2128 389 2184 insulam
414 2126 509 2186 habet.
557 2129 602 2186 Ea
628 2128 686 2188 llus
713 2131 887 2206 appellatur.
933 2125 1008 2185 Care
1030 2147 1069 2184 ne
1102 2144 1205 2188 navem
1240 2128 1354 2204 frangar.

264 2204 288 2260 Α
309 2201 489 2260 Ptolemaide
510 2203 546 2262 ad
568 2205 744 2264 Teuehiram
770 2205 865 2264 stadia
884 2203 949 2261 250.
990 2203 1045 2260 Est
1069 2204 1141 2260 urbs
1167 2205 1355 2280 antiquissima

264 2277 458 2356 Pentapoleos
484 2283 648 2358 appellatur
667 2284 797 2342 Arsinoe.
838 2283 863 2339 A
886 2277 1033 2338 Teuchira
1058 2279 1094 2336 ad
1120 2277 1355 2336 Berenicensta·

302 2442 327 2501 1)
347 2441 377 2493 ln
395 2439 558 2510 apographo
582 2451 714 2511 corrupte
733 2445 798 2497 Φοι-
834 2441 990 2494 Ptolemaei
1007 2441 1179 2507 Myrmoeen.
1205 2440 1252 2492 Du
1267 2437 1316 2492 hac
1332 2451 1354 2489 ro

263 2511 397 2563 νινοῦντα
423 2519 452 2562 et
471 2511 678 2574 Φοινικοῦντος.
736 2515 800 2564 Hoc
833 2516 929 2579 potest
946 2508 1128 2562 veliementer
1146 2507 1309 2576 disceptari.

263 2580 496 2644 promontorium,
506 2581 534 2629 in
550 2596 605 2646 quo
615 2589 644 2632 et
658 2588 757 2647 portus
771 2586 800 2633 et
867 2581 895 2644 4)
914 2576 1053 2630 'l‘enolrira
1071 2578 1183 2628 colonia
1201 2575 1354 2642 Cyrenensi·

264 2645 547 2767 dilimari
565 2647 801 2769 illilnsnl·
835 2645 1354 2768 laniantia“rirssr‘lllit

262 2755 454 2838 memoratur}³
468 2785 498 2835 ln
515 2802 547 2836 eo
561 2786 800 2838 dicebanturesse
853 2785 879 2858 5)
891 2788 920 2836 ln
938 2753 1104 2852 apographo
1117 2731 1248 2835 {stridenti
1262 2779 1354 2850 Τενμλ·

263 2850 338 2903 horti
360 2853 557 2918 Hesperidum.
601 2855 642 2904 Ab
669 2868 703 2906 eo
723 2857 800 2906 sinus
836 2871 892 2922 ρων
918 2852 957 2914 εἰς
986 2851 1146 2920 Βερνικίὸα,
1181 2859 1210 2902 et
1237 2852 1354 2914 deinceps

263 2935 380 2988 magnus
399 2937 498 2972 nomen
518 2920 650 2975 hahebat.
680 2925 752 2974 'l'um
771 2924 800 2976 in
834 2921 1004 2989 Βερνινίὸος.
1024 2920 1254 2972 Promontorinm
1267 2921 1298 2970 in
1312 2928 1353 2986 quo

265 2985 499 3056 apographotsic
532 2995 591 3040 est:
625 2986 666 3042 sai
703 3011 720 3044 ν
746 2987 801 3059 ἔχει
835 2990 972 3044 Berenice
997 2990 1194 3056 positaaerar,
1223 2988 1353 3040 dicebatur

264 3052 436 3123 ὸμλζονοαν
458 3049 507 3110 ὑπ’
529 3051 627 3119 adroic
671 3077 693 3127 φ
725 3054 800 3112 ione·
834 3057 1035 3124 Pseudopenis.
1073 3057 1129 3112 Clr.
1154 3057 1259 3110 Strabo
1280 3052 1352 3112 xvll

265 3073 469 3206 pioa'oivipnae.
496 3117 582 3194 ὅρμος
605 3123 663 3180 ἐστὶ
685 3122 803 3194 θερινὸς
833 3143 860 3194 p.
878 3126 929 3179 836
947 3142 988 3195 sq.
1025 3125 1088 3178 Non
1113 3125 1237 3181 alienum
1258 3125 1352 3176 videtur

263 3192 312 3245 καὶ
328 3186 418 3258 ὕδωρ,
453 3188 513 3248 Ἀπὸ
531 3221 566 3234 ·-
833 3211 897 3247 enm
927 3195 1022 3250 locum
1049 3193 1134 3246 Plinii
1163 3194 1351 3246 transscribere

160 3297 163 3308 .
243 3309 248 3318 ,
299 3261 326 3324 2)
351 3261 454 3313 Nausic
476 3268 521 3315 est
540 3263 695 3315 Ptolemaei
717 3258 809 3316 naso.
834 3269 936 3325 totum,
953 3278 1007 3330 quo
1027 3263 1061 3314 ab
1081 3277 1113 3314 eo
1132 3261 1202 3314 haec
1220 3262 1352 3330 regiocy·

173 3391 176 3396 ,
264 3331 327 3398 yda.
408 3364 411 3372 ·
833 3331 990 3384 renensium
1009 3338 1133 3385 tractata
1151 3338 1212 3392 θοις
1233 3333 1258 3382 is
1277 3335 1350 3382 auten

299 3399 326 3461 3)
345 3401 371 3451 ls
396 3398 473 3450 locus
498 3399 727 3452 Ptolemaeorum
751 3399 799 3450 de·
834 3407 877 3451 est
896 3401 947 3452 lib.
969 3401 1004 3454 V.
1025 3399 1057 3450 5:
1083 3399 1251 3466 Cyrenaica,
1270 3398 1350 3452 eaden

264 3483 338 3520 raum
356 3475 484 3534 ternpore
511 3474 539 3518 et
562 3470 630 3520 urbs
653 3468 731 3520 lacta
756 3473 801 3520 est
834 3467 1052 3535 Pentapolitana
1080 3470 1178 3536 regio,
1208 3467 1351 3518 illustratur

195 3581 199 3594 .
265 3543 295 3590 et
325 3551 426 3587 nomen
453 3536 644 3588 Ptolemaidos
680 3537 798 3604 aceepit.
837 3538 1002 3588 Hammonis
1021 3537 1144 3602 oraculo,
1162 3535 1237 3603 quod
1256 3538 1350 3600 acne·

265 3606 336 3657 Nam
355 3603 438 3655 antea
457 3603 512 3655 luit
529 3605 724 3656 tantummodo
739 3617 798 3672 por·
834 3607 879 3656 uls
902 3605 982 3656 abest
1002 3605 1096 3656 dccc
1123 3604 1214 3656 millia
1239 3609 1348 3679 passuum

263 3679 309 3724 tas
336 3673 416 3724 urbis
437 3673 597 3736 Parcarum,
620 3689 694 3744 quae
714 3673 799 3740 paulo
834 3676 879 3737 (80
897 3674 1031 3725 milliaria
1049 3673 1166 3743 germ.)=
1185 3671 1266 3725 fonte
1286 3670 1349 3724 suos:

263 3741 377 3808 longius
397 3741 510 3793 abesset
535 3757 552 3792 a
577 3745 657 3796 mari.
698 3743 800 3806 Quam·
834 3743 951 3795 urbibus
976 3743 1095 3795 maxime
1120 3741 1261 3810 quinque,
1287 3740 1350 3791 Bae·

264 3810 358 3860 obrem
377 3811 466 3861 etiarn
477 3809 579 3861 Strabo
598 3818 627 3862 et
643 3810 753 3862 Plinius
770 3811 800 3861 iu
836 3813 913 3878 nice,
938 3811 1057 3864 Arsinoe
1075 3807 1258 3878 (Teuehira),
1277 3806 1348 3862 Ptole

149 3905 160 3912 —
265 3891 298 3928 eo
317 3883 420 3940 errant,
442 3879 515 3946 quod
536 3880 688 3946 opinantur
708 3878 800 3930 Ptole·
834 3880 944 3940 maide‚
974 3877 1142 3946 Apollonia,
1162 3879 1225 3948 ipsa
1248 3877 1348 3946 Cyrene·

265 3945 385 3996 maidem
399 3946 541 4012 prioribus
552 3941 722 4014 temporibus
732 3947 800 3997 Bar·
834 3947 971 4000 Berenice
991 3949 1019 4000 in
1039 3947 1132 4014 Syrtis
1150 3947 1257 4000 extimo
1282 3953 1348 3998 corru

265 4029 313 4065 oas
331 4015 500 4080 appellatam
517 4029 587 4079 esse,
609 4029 691 4082 quum
707 4022 799 4067 tamen
834 4024 888 4079 est,
906 4016 1046 4084 quondam
1065 4021 1165 4066 vocata
1180 4011 1348 4082 Hesperidum

264 4084 373 4137 Barcae
398 4083 476 4148 ipsae
504 4086 571 4135 urbs
604 4090 634 4136 et
664 4099 698 4135 ea
730 4087 800 4136 satis
833 4086 919 4152 orbs,
945 4085 1112 4152 vagantibus
1132 4083 1273 4136 Graeciae
1289 4077 1348 4132 fabu-

264 4165 366 4220 magna
392 4149 521 4202 fuissent.
558 4153 638 4215 Quae
667 4152 800 4220 deinceps
832 4153 878 4207 lis.
917 4153 976 4204 Neo
1005 4153 1105 4272 procul
1135 4147 1347 4220 nnte'oppnuu

264 4220 357 4271 insula
376 4218 434 4270 llas
460 4227 711 4283 commemoratur,
736 4233 799 4273 eam
832 4221 935 4273 ilarius
953 4221 1008 4273 lter
1029 4233 1080 4288 on,
1099 4219 1181 4274 laone
1198 4235 1292 4284 sacer,
1312 4210 1347 4264 ⁰¹³¹

266 4294 346 4354 putat
365 4285 457 4338 Paclio
483 4287 598 4340 eandem
623 4303 685 4340 esre
712 4295 799 4357 atque
836 4289 1024 4358 Hesperidum
1055 4288 1131 4362 hprti
1165 4289 1345 4342 memorantur·
