2872 4814
587 131 601 174 Ι

365 375 453 466 rua*
477 376 699 442 ΜΕΓΑΛΗΣ
724 351 985 441 annnam
1060 359 1064 364 ’
1156 385 1220 450 eor

111 552 236 639 Kporioo
256 556 302 631 εἰς
320 554 544 642 τόνΚοχλίον1
570 563 652 626 cred.
674 558 709 626 ν’.
730 561 783 626 'Eu
804 566 958 630 Κλυύοῖν2
983 564 1033 630 ἐπὶ
1052 563 1088 630 td
1111 565 1221 649 Πηδά-

110 660 171 720 λιον
191 653 383 740 ἀκρωτήριον
403 661 484 724 orod.
506 659 542 724 λ’.
562 658 637 726 ilci
659 667 716 726 τού
737 663 897 742 Πηύοιλλου
917 662 969 726 ἐπὶ
989 661 1046 730 τὸν
1058 662 1216 750 >syenem

110 750 160 818 cdv
190 753 240 820 tat
268 761 325 820 τοῦ
353 763 496 824 Plaetori
523 761 605 850 crud.
636 757 688 825 π’.“
726 758 801 827 ’sind
830 769 887 832 τού
914 760 1067 848 ’Λγκοῖνος
1088 767 1139 832 ἐπὶ
1165 764 1222 834 νύν

110 855 246 919 Kourion
274 853 434 944 πύνορμον
454 862 536 924 arod.
566 858 621 944 ρκ’.
662 857 738 925 ’sind
760 866 816 926 τού
832 908 840 924 .
855 910 888 928 ..
909 861 1071 947 πονόρμου
1092 865 1143 930 ἐπὶ
1163 864 1221 952 τ’ὴν

111 1019 260 1080 Cochleam
282 1024 378 1081 stadia
398 1024 445 1085 50.
482 1024 631 1105 EClydis
659 1027 696 1084 nd
729 1025 872 1084 Pedalion
897 1033 1132 1104 promontorium
1158 1042 1220 1090 sta·

110 1097 152 1154 dia
169 1101 217 1157 30.
256 1101 281 1156 A
307 1100 427 1158 Pedalie
454 1101 492 1158 ad
518 1105 638 1160 Ancona
663 1104 694 1161 in
723 1105 789 1160 sinn
807 1104 928 1162 Glauco
964 1106 1059 1164 studia
1089 1111 1136 1166 80.
1174 1110 1220 1167 Ab

108 1175 222 1232 Accone
255 1173 293 1232 ad
318 1195 489 1252 panormum
515 1177 673 1237 (iuniorum
706 1179 803 1238 stadia
824 1182 888 1236 120.
927 1181 972 1238 Ab
999 1181 1053 1240 hoc
1078 1202 1219 1260 panormo

110 1383 188 1447 bere,
207 1382 263 1438 hoc
282 1389 414 1458 oppidum
431 1405 495 1444 esse
521 1390 645 1444 acervis
679 1391 763 1458 pisse.
808 1391 951 1447 Credibile
988 1397 1049 1462 est,
1085 1393 1220 1462 oppidum

109 1451 245 1534 fugitivis,
264 1458 310 1523 qui
330 1466 554 1528 congregassent
569 1475 643 1522 sese,
680 1464 801 1526 cinam,
824 1462 900 1530 quod
925 1463 1065 1530 temporis
1083 1477 1219 1530 processu

110 1521 264 1576 rorulrtum.
283 1525 645 1593 Apudl'tolemaeumscri·
680 1530 823 1580 desertum
842 1534 933 1591 esset,
959 1546 1028 1599 quas
1052 1529 1082 1582 id
1107 1546 1218 1600 cunque

110 1597 182 1655 ptum
201 1598 246 1642 est
269 1593 380 1663 Κυρύα.
418 1597 503 1649 Cuius
526 1612 646 1666 geogra·
680 1597 715 1647 ob
735 1613 835 1649 causas
852 1598 960 1650 iactum
982 1603 1076 1660 esset,
1103 1615 1121 1652 a
1144 1599 1231 1669 lugi·

110 1656 151 1724 phi
171 1665 282 1712 numeri
307 1667 330 1714 ai
349 1667 455 1733 integri
473 1674 556 1726 sunt,
583 1681 644 1715 cum
679 1665 762 1728 tiris,
783 1668 831 1733 qui
849 1667 877 1718 in
895 1667 925 1718 id
947 1667 1157 1732 convenissent,
1174 1683 1220 1721 re·

109 1728 141 1776 ab
162 1741 196 1776 co
212 1728 340 1784 Daedala
359 1741 388 1786 et
402 1735 480 1786 Grua
497 1736 526 1785 in
546 1733 644 1786 cadem
679 1733 810 1786 stitutum
827 1750 897 1787 osse.
917 1736 1000 1797 Quod
1015 1741 1109 1786 autern
1117 1736 1220 1802 Cryas·

109 1793 268 1876 latitudinis
292 1799 370 1854 linea
400 1810 557 1878 ponantur,
594 1802 643 1854 sed
678 1817 738 1853 sum
763 1804 882 1865 attinet,
909 1819 970 1856 earn
996 1810 1129 1872 putamus
1152 1809 1219 1871 post

109 1865 265 1930 quindecim
299 1872 417 1922 minutis
456 1869 644 1940 longitudinis
679 1871 784 1936 Gryam
806 1872 947 1924 conditam
973 1887 1035 1925 esse
1060 1879 1089 1924 et
1116 1874 1145 1924 in
1171 1888 1217 1926 eo·
1251 1885 1258 1896 '

109 1932 180 1990 inter
201 1949 233 1986 se
269 1935 378 1992 distare
404 1939 554 2006 dicantur,
580 1955 644 1990 con·
679 1940 742 1990 dem
762 1940 875 2008 quidem
899 1942 1110 2009 promontorio,
1135 1955 1153 1992 a
1171 1957 1218 1993 cu·

19 2063 20 2068 Ἰ
110 2000 218 2053 eludere
239 2004 323 2068 licet,
343 2007 644 2074 Gryamfereexad·
678 2009 724 2060 ius
773 2011 885 2061 nomine
939 2009 1073 2077 oppidum
1096 2024 1217 2067 ,novum

109 2083 186 2118 νυνου
201 2073 266 2124 urbi
284 2075 428 2128 'l'elmesso
446 2063 528 2128 sitam
547 2074 644 2138 luisse,
679 2077 832 2141 Cryassum
859 2079 919 2130 sive
945 2081 1097 2145 Cryassam
1121 2079 1235 2147 ορρολν

111 2139 179 2202 quod
195 2154 229 2190 eo
247 2144 438 2208 confirmatur,
455 2145 531 2215 quod
549 2145 577 2195 in
592 2144 645 2197 illo
678 2145 780 2198 lar-ent.

111 2203 169 2255 loco
194 2215 418 2273 promontorium
445 2221 508 2276 ost,
527 2212 601 2281 quod
628 2227 645 2284 a
714 2213 740 2274 1)
764 2212 850 2265 Haud
876 2212 962 2266 dubie
992 2212 1119 2286 Καιλίου
1149 2213 1218 2267 seri-

110 2273 181 2352 picta
199 2277 280 2344 Grya
298 2281 415 2344 dicitur,
433 2297 599 2350 quamquam
618 2282 644 2331 is
677 2281 801 2334 bendum
821 2287 874 2336 est.
909 2281 1054 2334 Credibile
1078 2287 1140 2343 est,
1162 2280 1218 2334 hoo

110 2355 293 2410 luroerrat,
314 2352 390 2418 quod
410 2351 486 2402 istud
509 2351 643 2403 ontePe-
678 2349 813 2416 oppidum
836 2350 865 2400 in
897 2349 970 2402 colle
998 2349 1134 2418 quodam,
1167 2350 1217 2418 qui

112 2408 212 2464 datium
230 2417 326 2483 ponit;
347 2435 410 2472 nam
436 2420 552 2486 scripsit
574 2415 644 2470 liaeo
678 2418 811 2470 cochleae
830 2419 952 2486 speciem
977 2416 1232 2486 haberet,·posl·'

111 2476 200 2534 1.1o=
228 2487 312 2537 Caria
337 2488 476 2556 sequitur.
521 2488 576 2538 llic
600 2501 644 2536 ca·
677 2495 735 2538 turn
754 2486 852 2542 luisse.
1014 2520 1018 2534 .
1241 2491 1244 2500 ’

110 2547 188 2600 stella
205 2552 317 2621 aliquot
340 2563 413 2609 sunt.
449 2555 562 2608 Deinde
582 2570 644 2621 pro·
710 2557 738 2617 2)
756 2556 967 2624 laecum-quem
984 2554 1059 2606 inter
1072 2551 1216 2607 cochliam

110 2622 246 2672 nonaria
272 2623 466 2677 Pedalium
496 2632 526 2676 et
545 2625 643 2690 Grya
677 2630 707 2676 et
726 2623 832 2690 Glydas
857 2624 996 2690 suspicari
1019 2624 1091 2676 licet
1117 2622 1215 2690 luisse,

111 2689 142 2734 θῑ.
166 2690 316 2741 secundum
349 2693 481 2745 Calbin
509 2692 641 2760 oppidum
676 2692 799 2744 fortasse
825 2707 843 2744 a
867 2692 984 2744 librario
1017 2691 1136 2743 omissus
1162 2697 1214 2744 est.

110 2759 201 2809 Cau
223 2774 240 2809 n
262 2773 279 2809 ο
300 2776 334 2828 s,
369 2761 527 2814 valitudine
561 2760 641 2811 habi·
676 2760 831 2814 Ptolemaei
846 2761 990 2827 scriptura
1004 2755 1150 2812 estAridoo
1166 2764 1216 2811 aut

110 2826 226 2878 tantiurn
251 2826 365 2881 infame.
406 2830 480 2882 Num
506 2829 641 2896 oppidum
675 2827 779 2882 Χύδυιι.
823 2830 850 2880 ls
879 2825 945 2879 vead·
970 2827 1070 2880 abesse
1102 2828 1215 2896 quidem

109 2897 287 2958 cryassus
333 2896 394 2950 sire
436 2897 642 2962 crycssa
677 2897 775 2949 decem
813 2897 930 2948 minutis
967 2895 1158 2965 longitudinis
1198 2911 1216 2949 a

109 2964 213 3014 idcina
249 2979 285 3015 ue
305 2962 375 3018 haec
393 2965 475 3033 Grya
491 2968 544 3028 ait,
562 2964 640 3016 vide·
676 2966 752 3032 Crya
772 2965 859 3028 dicit,
878 2964 927 3016 aed
947 2963 977 3015 in
999 2964 1097 3016 eadem
1116 2963 1215 3016 latitu-

110 3037 153 3083 tur
173 3028 241 3084 velie
273 3040 354 3084 enter
385 3033 574 3086 dubitandum
599 3048 640 3114 es·
676 3034 751 3085 dinis
781 3035 859 3085 linea
880 3041 974 3114 'atque
1006 3031 1078 3115 harpe
1100 3033 1215 3116 'positas

109 3101 505 3236 tttrlfflttltlrltlt
534 3109 644 3222 'lictu
675 3102 1214 3236 2325·‚rit'nttltttpltyzt'titi

110 3231 259 3303 Κρνυσσός,
273 3235 355 3300 πόλις
368 3239 479 3306 Κυρίας
493 3231 550 3291 dni
565 3242 640 3304 Κρυ-
674 3241 846 3290 montorium
871 3244 922 3289 aut
959 3238 1044 3304 longe
1077 3241 1107 3288 in
1135 3252 1213 3290 mare

110 3301 191 3358 αόοον
224 3308 276 3358 τοῦ
306 3303 451 3374 Κύοητος·
483 3303 499 3360 d
524 3306 640 3374 crolle-pr,-
674 3306 785 3374 porrigi
804 3313 832 3357 et
850 3313 1059 3373 perangustum
1075 3320 1138 3356 esse
1164 3311 1215 3358 aut

109 3370 274 3440 Κρυασσεύς.
316 3378 407 3443 Atque
434 3378 477 3429 ita
503 3375 638 3442 oppidum
673 3373 777 3426 isthmo
798 3374 934 3424 committi
955 3387 1017 3424 cum
1039 3373 1213 3438 continente,

109 3445 216 3494 etiama
229 3441 375 3510 Polyaeno
386 3444 500 3511 dicitur,
519 3444 537 3497 l.
555 3443 636 3496 Vlllz
674 3450 759 3510 atque
776 3443 805 3494 in
824 3457 931 3493 sunrnro
952 3441 1148 3508 promontorio
1167 3457 1213 3492 su-

111 3508 143 3562 Ol
160 3507 299 3581 Ktipte'ol
323 3507 474 3578 Κρύασσον
497 3513 639 3574 οἰκοῦντες
672 3512 772 3564 mimus
810 3509 918 3577 Gryam
959 3509 1090 3576 oppidum
1126 3511 1213 3561 situm

110 3573 330 3648 ἐπιβουλεύοντες
343 3581 475 3650 Μηλίοις.
493 3582 549 3633 Sed
562 3579 637 3647 apud
672 3580 779 3644 luisse,
802 3580 908 3646 Clydas
926 3585 1021 3632 autem
1048 3577 1077 3628 in
1096 3591 1211 3630 recessu

110 3645 287 3701 l'lutsrclrum
314 3651 350 3701 do
372 3650 440 3704 vict.
471 3651 539 3702 mul.
570 3650 639 3700 scri·
673 3649 792 3710 intimo,
823 3649 871 3716 qui
897 3655 960 3715 post
985 3645 1212 3714 promontorium

111 3723 181 3778 ptum
210 3725 256 3769 cst
285 3720 423 3784 Cryassa,
472 3717 638 3798 unfrodana
672 3716 772 3768 situel
793 3717 888 3783 potius
909 3716 982 3766 inter
1004 3713 1057 3765 hoc
1080 3729 1211 3781 promon-

110 3783 168 3836 luco
187 3783 258 3838 haec
276 3786 423 3855 ligantur:
443 3806 481 3848 ως
498 3803 550 3840 ουν
569 3779 640 3854 ἦνον
672 3787 778 3838 torium
796 3790 826 3837 et
840 3784 997 3837 Pedalium.

111 3851 134 3903 ol
156 3856 333 3922 Καουνοοεῑς
349 3857 499 3917 καλοῦντες
523 3846 637 3916 αύτούς.
706 3853 734 3917 3)
757 3855 931 3921 Quamquam
944 3853 973 3902 in
988 3866 1038 3912 ea,
1057 3865 1131 3918 quae
1145 3855 1211 3916 post

111 3921 163 3972 Aoo
186 3925 228 3974 sic
260 3924 470 3988 existimamus,
501 3923 585 3974 initio
608 3923 639 3973 in
674 3922 894 3988 promontorium
933 3919 1081 3972 Pedalium
1114 3927 1209 3970 exten·

110 3989 154 4040 illo
177 3992 391 4060 promontorio,
425 3993 536 4060 inquo
562 3993 640 4058 oppi·
674 3991 766 4052 ditur,
793 4005 844 4041 ora
866 3988 967 4040 llurius
996 3991 1106 4040 Axunr
1138 3993 1210 4038 teste

112 4057 169 4110 dum
186 4059 262 4127 Crya
274 4059 340 4125 tuit,
356 4062 500 4128 oppidum,
519 4062 593 4127 quod
608 4060 637 4110 in
673 4060 768 4112 l’linio
787 4058 852 4119 luit,
870 4062 901 4108 ut
921 4058 947 4108 is
965 4055 1209 4109 tamenlrocloco
1240 4098 1243 4104 ,

111 4125 157 4178 illo
168 4132 363 4196 promontorio
374 4130 553 4190 conderetur,
565 4130 639 4193 Crya
673 4143 708 4179 ne
732 4127 928 4194 intelligatur,
959 4125 1080 4178 eflicitur
1101 4123 1144 4175 his
1161 4121 1209 4174 ad-

112 4195 210 4250 (lictum
232 4193 294 4251 e'sse
313 4199 349 4250 ab
367 4197 475 4267 hocque
495 4206 558 4264 post
575 4211 642 4264 pro·.
673 4196 742 4248 ditis
760 4196 869 4248 verbim
906 4187 954 4246 ἐπὶ
986 4195 1038 4247 τοῦ
1067 4188 1207 4248 Γλαύκου.

113 4268 276 4324 montorium
297 4281 409 4337 quoque
434 4282 537 4320 nomon
562 4279 639 4319 ocoe-
673 4263 755 4330 Quod
777 4266 917 4356 siautem
941 4263 1114 4332 cogitamus,
1125 4259 1207 4362 'quid
