2852 4816
486 379 750 439 ΠΕΡΙΠΛΟΤΣ.
1129 377 1171 439 m

62 559 179 638 πλόκος
193 560 298 626 occidte
312 559 391 646 μοναί.
416 561 474 642 ἔχοι
495 533 532 624 ῦὲΙ
548 558 585 624 τό
607 561 683 644 ἔθνη
705 560 774 643 ἥκοι
791 564 977 643 σατραπίαςὸ
995 563 1031 625 νό
1041 609 1049 640 ,
1071 561 1174 640 πόλεις

62 659 97 724 δὲ
119 657 286 748 ἐπισήμους
307 657 358 724 καί
378 659 482 742 κοίμας
501 655 575 740 ρξῦ,
599 659 656 742 όρη
678 661 809 742 ἐπίσημα
831 659 875 737 ιε’,
897 661 1049 745 ποναμοῦς
1070 662 1173 744 ἐπισή-

62 783 142 841 μους
162 757 199 837 d,
220 759 340 842 λιμίνας
368 757 534 842 ἐπισήμους
553 759 606 838 ς’,
628 759 759 836 κόλπους
780 761 946 843 ἐπισήμους
968 761 999 838 s',
1020 761 1174 858 stronde

62 858 217 942 μεμοίλους
239 859 312 937 όῦο,
334 857 448 940 νήσους
468 858 635 942 ἐπισήμους
661 857 715 939 cele
743 861 776 925 ίν
796 867 840 946 τῷ
859 861 996 944 περίπλῳ
1011 861 1173 943 ἐἰρημένας
1280 941 1283 950 4

62 957 113 1021 λε’.
137 959 170 1022 ολ
188 957 299 1037 πόνοις
319 957 382 1024 ιίπό
403 965 459 1024 τοῦ
485 949 629 1044 Ἀοαβαί1
655 961 845 1045 ἀκρωτηρίου
867 962 952 1044 μέχρι
972 967 1029 1026 τοῦ
1052 965 1172 1026 Μοισα-

63 1060 177 1121 νίτου7
200 1056 333 1137 κόλπου,
354 1065 410 1125 τοῦ
430 1058 511 1142 παρὰ
533 1058 590 1141 τὴν
612 1060 774 1144 εῦόαίμονα
793 1059 944 1143 Ἀραβίαν
963 1058 1197 1143 τυγχάνοντος.

38 1155 207 1221 ’στόιῦιοιο
238 1159 323 1242 dori}
346 1161 379 1223 ολ
397 1159 431 1224 δὲ
450 1157 619 1241 σύμπαντες
636 1157 699 1224 οίπό
720 1167 775 1224 τοῦ
790 1163 977 1224 Αίλανίνοιιο
1001 1165 1098 1240 μυχοῦ
1118 1165 1174 1223 τοῦ
1267 1213 1270 1218 .

64 1257 99 1320 ἐν
122 1249 167 1342 κρῖ
188 1261 250 1340 [17]
263 1258 398 1345 Ἀραβίῳ
418 1260 523 1345 κόλπῳ
545 1261 632 1344 μέχρι
658 1267 714 1324 τοῦ
745 1262 936 1324 Μαισανίιου
967 1256 1100 1336 κόλπου,
1120 1259 1171 1322 καί

64 1362 122 1420 τοῦ
151 1355 229 1439 πρός
253 1365 292 1443 τῇ
319 1359 420 1445 ἐρήμῳ
449 1361 601 1443 κόρακοςι
636 1365 693 1423 τοῦ
721 1365 876 1444 Περσικοῦ
904 1359 1036 1436 κόλπου,
1057 1361 1108 1424 καί
1130 1361 1173 1425 λιι

65 1463 129 1520 τεόν
150 1457 283 1540 λκβολιῦν
302 1465 358 1524 τοῦ
382 1462 520 1544 Τίγριδος
545 1465 701 1542 ποταμοῦ,
731 1466 787 1526 τοῦ
816 1462 964 1542 περίπλου
989 1458 1101 1537 παντός
1120 1467 1175 1543 τῆς

65 1558 217 1638 παραλίας
235 1563 289 1639 τῆς
309 1565 371 1622 νῦν
393 1558 581 1642 εῦόαιμόυαν
599 1557 745 1642 Ἀρόβοον
764 1565 820 1644 γῆς
840 1561 898 1624 είσι
917 1558 1022 1624 ceddre
1044 1556 1132 1646 ,γμρό
1145 1569 1173 1624 ².

40 1712 45 1717 “
66 1709 98 1764 in
119 1707 302 1764 latitudinem
325 1727 394 1765 vero
414 1707 487 1766 stad.
507 1709 590 1766 8850.
631 1707 728 1765 Habet
747 1717 846 1765 autem
865 1709 1032 1784 provincias
1049 1714 1110 1767 sive
1127 1731 1173 1770 se-

65 1785 178 1859 trepias
197 1781 242 1842 54.
261 1785 349 1841 urbes
368 1803 437 1843 vero
457 1788 590 1863 insignes
610 1794 640 1842 et
658 1787 740 1842 vicos
762 1785 824 1842 164.
840 1794 955 1841 montes
976 1787 1033 1842 insi
1055 1806 1107 1844 nes
1129 1787 1173 1848 15.

65 1857 171 1916 llnrios
198 1860 330 1938 insignes
355 1862 383 1916 4.
419 1873 522 1938 portus
548 1861 679 1937 insignes
705 1863 734 1917 e.
761 1861 842 1916 sinus
870 1861 1003 1936 insignes
1043 1864 1175 1921 .littore

65 1953 174 2012 magne
191 1936 219 1990 2
239 1937 350 1994 msulae
371 1937 504 2014 insignes
524 1938 556 1994 in
575 1937 690 2012 periplo
710 1947 885 1993 memoratas
912 1936 958 1994 35.
1000 1937 1044 1996 Ab
1064 1936 1174 1998 drebo-

66 2029 133 2068 rum
156 2013 361 2085 promontorio,
382 2029 473 2090 usque
503 2013 541 2071 ad
567 2012 759 2071 Meessnitem
785 2014 900 2084 sinum,
927 2013 979 2091 qui
998 2014 1082 2072 iuxta
1101 2017 1174 2074 nra-

67 2086 146 2142 hiem
177 2087 310 2158 felicem,
336 2088 429 2144 stedia
456 2091 558 2146 omnis
582 2098 651 2146 sunt
676 2090 761 2146 7140.
801 2087 908 2146 Totius
926 2107 996 2146 vero
1017 2107 1085 2148 orec
1107 2109 1168 2151 ισο-

66 2165 182 2219 ritimee
207 2161 331 2222 Arabiae
356 2163 452 2220 lelieis
478 2166 583 2239 peripli
611 2163 664 2240 (el)
700 2164 865 2220 Aelanitico
894 2181 1014 2222 recessu
1048 2167 1080 2222 in
1108 2169 1174 2224 sinu

66 2238 195 2294 Arabico
213 2251 305 2314 usque
324 2238 361 2296 ed
380 2241 476 2298 sinum
495 2239 703 2308 Maerentem,
724 2247 754 2294 et
774 2241 975 2296 extremitates
1002 2239 1115 2298 Persici
1134 2245 1174 2298 si·

68 2331 124 2368 nus
143 2331 246 2370 versus
265 2314 428 2390 [Arabiam]
457 2315 617 2387 desertsm,
644 2323 732 2388 etque
761 2315 846 2370 etiem
869 2317 946 2372 ostie
967 2311 1099 2394 Tigridis
1119 2316 1174 2376 flu·

66 2388 126 2467 vii)
148 2388 240 2446 stadie
259 2391 395 2447 universe
415 2401 484 2448 sunt
501 2391 603 2448 38150.

67 2515 214 2568 videntur.
254 2515 309 2570 Sed
342 2519 466 2582 numeri,'
498 2525 531 2571 ut
559 2516 606 2570 hic
639 2517 723 2570 ossei.
758 2513 833 2578 Quid
864 2517 889 2568 si
924 2519 1086 2584 reponendo
1111 2517 1174 2574 lite·

66 2584 141 2645 loci,
169 2585 297 2654 deinceps
322 2587 383 2640 iere
411 2589 517 2656 ubique
544 2602 605 2654 per·
638 2599 713 2646 ram,
740 2599 813 2651 (luae
837 2582 912 2637 f01'l0
940 2587 1094 2653 exciderit,
1112 2605 1175 2644 ⁰⁰⁰¹

67 2651 178 2704 turbari
197 2653 344 2706 ridentur:
369 2669 421 2708 nec
439 2658 499 2708 sine
517 2653 605 2712 Codd.
640 2652 728 2706 Codd.
746 2652 824 2720 vulg.
843 2653 1002 2708 Ptolemaei
1017 2659 1175 2712 scribamus

66 2719 152 2778 MSS.
184 2736 236 2788 ope
261 2723 373 2775 restitui
404 2725 432 2778 in
465 2725 605 2793 integrum
639 2719 851 2776 Μαδισανίκον.
869 2721 1028 2778 Hudson.
1056 2727 1096 2778 dd
1115 2729 1175 2782 Ste-

69 2795 196 2856 possunt.
215 2791 376 2846 lludson.
403 2791 605 2862 Agathenrerus
640 2789 725 2856 plani
758 2790 849 2839 locum
884 2790 1003 2844 adnotet
1038 2793 1174 2848 Borke-

63 2857 267 2926 lihtoleapr
286 2861 311 2913 3.
332 2862 454 2913 Arabiae
480 2859 605 2930 longitu·
639 2855 754 2908 lius:“
788 2864 908 2926 utroque
933 2862 998 2912 loco
1022 2861 1174 2932 legendum
1259 2919 1262 2927 ,

67 2928 163 2977 dinem
182 2941 242 2980 esse
261 2927 356 2983 stedia
379 2931 461 2981 12000
480 2930 559 2980 dicit.
577 2945 603 2980 v.
639 2921 803 2978 Μεσανίτον
813 2925 874 2978 sine
883 2927 1067 2999 diphthongo,
1083 2949 1175 3000 quent-

67 2995 154 3044 tioenr
171 3001 300 3047 notarum
318 2995 353 3050 πό
363 2995 550 3067 ρ,12,ιι1ιίλὶο
565 2996 605 3048 lo·
640 2992 791 3044 admodum
824 2995 909 3046 etlam
934 3002 1111 3052 emendatum
1136 3001 1176 3054 ri·

67 3077 118 3114 cus
136 3061 253 3130 legitur.
605 3089 610 3096 ·
640 3063 693 3114 deo
719 3073 754 3112 ex
777 3059 837 3118 Pal.
864 3065 926 3120 cod.
952 3068 982 3118 in
1013 3069 1176 3126 Ptolemaeo

104 3132 131 3194 5)
155 3129 250 3200 Lego,
267 3141 299 3184 ut
319 3132 404 3197 infra,
421 3129 486 3204 ἥκοι
505 3149 606 3202 σατρα·
640 3130 692 3190 lib.
711 3129 760 3186 Vl.
779 3144 839 3200 cap.
862 3135 943 3186 Vll.“
961 3135 994 3188 V.
1016 3137 1175 3207 lengonxl.

10 3211 19 3233 i
67 3198 182 3261 πίαςΗ
194 3201 536 3256 υιλι.11οοιο1ι.οι11ιιι1ο.
548 3204 604 3272 τῆς.
675 3199 706 3262 8)
725 3199 802 3250 Alibi
820 3199 932 3257 ῦτᾶδῑῠι
955 3205 1093 3268 uliud&
1112 3208 1177 3262 ¹¹⁰⁰

104 3267 133 3326 (i)
157 3269 187 3318 ln
214 3270 398 3322 Ptolemaeo·
427 3286 524 3342 geogr.
554 3271 604 3324 lib.
642 3281 706 3319 rece
726 3267 738 3315 i
757 3281 817 3318 cunr
836 3273 948 3324 editore
969 3272 1068 3326 Vienn.
1088 3275 1176 3330 lloe·

67 3329 506 3410 ν1.’ί.]’ν1οαβοίνοίκρωκηριονι
526 3355 608 3408 quem
643 3333 847 3389 schelius
887 3339 990 3391 deinde
1033 3341 1178 3396 adnotavit

68 3419 107 3456 cx
131 3401 188 3475 lroc
217 3406 282 3458 loco
312 3409 513 3477 corrigendum
546 3423 608 3459 esse
643 3401 727 3455 haec:
752 3419 824 3472 „pm
848 3409 915 3473 rein
933 3423 969 3460 m.
989 3423 1011 3461 s.
1030 3417 1097 3463 nota
1115 3417 1177 3464 cst“

67 3478 171 3524 censet
194 3472 401 3528 Selmasius
425 3478 455 3528 in
482 3477 607 3530 Exereit.
643 3470 713 3524 haec
735 3481 778 3528 θ.
799 3475 835 3525 di
867 3476 935 3542 quid
961 3491 995 3528 ea
1026 3479 1178 3548 designet?

66 3540 144 3594 Plin.
163 3555 191 3608 μ.
209 3544 267 3598 350.
287 3543 398 3598 iluds.
426 3544 504 3597 lnire
542 3547 607 3598 .21.
626 3521 673 3609 ’,ψ
686 3543 763 3595 1111111.
781 3537 941 3612 ,ψρμ’11411.
958 3545 1176 3602 Hudsonnsme·

66 3610 208 3663 scribitur
232 3611 285 3664 lroc
301 3626 403 3665 nomen
429 3559 553 3695 Παοαβλλ
580 3607 608 3666 ό·
636 3612 669 3663 -1ο
686 3611 800 3662 wollt.

67 3693 121 3746 ρος
145 3695 175 3732 τε
204 3675 479 3751 κοιλοίκρωτήριον,
510 3689 608 3750 itaque
676 3680 704 3742 9)
724 3679 795 3731 Vide
814 3695 878 3748 pag.
907 3683 947 3735 1⁰.
975 3682 1177 3738 lludscnus

71 3747 166 3814 primo
184 3747 248 3800 loco
265 3748 337 3801 nihil
355 3756 451 3812 muto,
470 3751 608 3818 posterio·
640 3746 682 3798 lbi
707 3747 828 3801 adiecit:
848 3743 979 3802 intentu
995 3765 1099 3819 graeco
1114 3754 1178 3824 lege
1279 3773 1283 3790 ·

67 3815 95 3866 ri
127 3821 223 3868 antem
259 3819 400 3872 initialem
438 3819 554 3896 literani
581 3819 610 3872 11
641 3816 819 3887 Παλαιστίνῃ
837 3825 867 3870 et
883 3818 1011 3886 Περσίδι.

68 3883 186 3934 omitto.
678 3887 703 3947 1)
723 3885 802 3954 Lego
819 3883 949 3953 πέρατος.
968 3885 1069 3938 ttuds
1095 3891 1177 3953 Quod
1254 3915 1259 3924 ·

107 3951 264 4015 neesson
282 3953 445 4008 Μεσανίτοο
463 3969 526 4005 cunr
547 3951 608 4006 Ste-
641 3954 751 4022 recepi,
777 3951 983 4022 1οοοπλρακα,
1009 3955 1086 4022 quod
1105 3961 1173 4012 Hoe-

70 4016 168 4087 pheno
192 4021 313 4087 Byzant.
347 4021 391 4090 [in
417 4023 498 4074 culus
524 4022 608 4084 libro,
641 4019 765 4072 schelius
792 4027 822 4074 et
844 4023 996 4074 lludsonus
1020 4024 1179 4081 ediderunt.

69 4089 186 4155 qualern
217 4103 305 4141 none
321 4088 472 4154 hebemus,
502 4089 609 4160 legitur
675 4093 703 4152 λ)
723 4090 756 4140 ln
781 4103 846 4143 mss.
871 4083 903 4142 τό
931 4107 1027 4158 γοοιιι
1052 4103 1130 4147 recte
1147 4095 1185 4146 ll:

69 4155 159 4209 neces
183 4158 360 4227 discuciens,
384 4155 498 4220 κόλπος.
526 4161 609 4226 Μαρ-
642 4159 742 4226 necle,
760 4157 896 4210 sublectis
912 4159 957 4210 illi
976 4161 1086 4214 dnobus
1110 4175 1177 4230 pun·

70 4219 173 4288 κιανῦς
195 4221 228 4278 ἐν
250 4225 377 4296 περίπλῳ
402 4229 451 4296 τῆς
474 4229 516 4282 lis
535 4227 611 4298 σκιῆς
644 4228 714 4279 ctist
739 4232 933 4294 precantem
946 4231 1061 4296 reperio
1077 4229 1177 4283 incod.

69 4289 240 4362 θαλάσσηςί]
263 4303 293 4348 οι
319 4296 387 4348 God.
406 4297 497 4350 Pelet.
517 4245 612 4350 l’tole·
644 4297 735 4380 licit.
762 4311 795 4364 ,ιμ
829 4295 1027 4352 lloeschel.
1073 4291 1114 4351 Τό
1142 4315 1179 4366 μμ
