<?xml version="1.0" encoding="UTF-8"?>
<!DOCTYPE html PUBLIC "-//W3C//DTD XHTML 1.0 Transitional//EN"
    "http://www.w3.org/TR/xhtml1/DTD/xhtml1-transitional.dtd">
<html xmlns="http://www.w3.org/1999/xhtml" xml:lang="en" lang="en">
 <head>
  <title>
</title>
<meta http-equiv="Content-Type" content="text/html;charset=utf-8" />
  <meta name='ocr-system' content='tesseract 3.04.00' />
  <meta name='ocr-capabilities' content='ocr_page ocr_carea ocr_par ocr_line ocrx_word'/>
</head>
<body>
  <div class='ocr_page' id='page_1' title='image "./marcianiperiplu00menigoog_0306.png"; bbox 0 0 2872 4814; ppageno 0'>
   <div class='ocr_carea' id='block_1_1' title="bbox 376 395 1230 463">
    <p class='ocr_par' dir='ltr' id='par_1_1' title="bbox 376 395 1230 463">
     <span class='ocr_line' id='line_1_1' title="bbox 376 395 1230 463; baseline 0.012 -10"><span class='ocrx_word' id='word_1_1' title='bbox 376 395 463 454; x_wconf 75' lang='grc' dir='ltr'><strong>ΤΗΣ</strong></span> <span class='ocrx_word' id='word_1_2' title='bbox 489 395 711 457; x_wconf 66' lang='lat' dir='ltr'><strong>Musam</strong></span> <span class='ocrx_word' id='word_1_3' title='bbox 735 398 978 461; x_wconf 81' lang='grc' dir='ltr'><strong><em>ΘΔΛΔΣΣΗΣ.</em></strong></span> <span class='ocrx_word' id='word_1_4' title='bbox 1166 399 1230 463; x_wconf 68' lang='grc' dir='ltr'><strong>0Ίῖ</strong></span> 
     </span>
    </p>
   </div>
   <div class='ocr_carea' id='block_1_2' title="bbox 112 576 1230 966">
    <p class='ocr_par' dir='ltr' id='par_1_2' title="bbox 112 576 1230 966">
     <span class='ocr_line' id='line_1_2' title="bbox 113 576 1229 664; baseline 0.004 -22"><span class='ocrx_word' id='word_1_5' title='bbox 113 579 166 644; x_wconf 79' lang='grc' dir='ltr'><strong>Ἐκ</strong></span> <span class='ocrx_word' id='word_1_6' title='bbox 190 577 295 662; x_wconf 98' lang='grc' dir='ltr'><strong><em>Δήλου</em></strong></span> <span class='ocrx_word' id='word_1_7' title='bbox 317 580 361 654; x_wconf 76' lang='grc' dir='ltr'><strong>εἰς</strong></span> <span class='ocrx_word' id='word_1_8' title='bbox 383 576 488 656; x_wconf 74' lang='grc' dir='ltr'><strong><em>Νάξον</em></strong></span> <span class='ocrx_word' id='word_1_9' title='bbox 508 583 593 645; x_wconf 80' lang='grc' dir='ltr'><strong><em>στοιό.</em></strong></span> <span class='ocrx_word' id='word_1_10' title='bbox 615 576 694 644; x_wconf 73' lang='grc' dir='ltr'><strong>ου’.ι</strong></span> <span class='ocrx_word' id='word_1_11' title='bbox 726 579 777 645; x_wconf 78' lang='grc' dir='ltr'><strong>Ἐκ</strong></span> <span class='ocrx_word' id='word_1_12' title='bbox 799 577 905 663; x_wconf 88' lang='grc' dir='ltr'><strong><em>Δήλου</em></strong></span> <span class='ocrx_word' id='word_1_13' title='bbox 926 582 977 646; x_wconf 74' lang='lat' dir='ltr'><strong>let</strong></span> <span class='ocrx_word' id='word_1_14' title='bbox 998 578 1056 664; x_wconf 72' lang='grc' dir='ltr'><strong>τήν</strong></span> <span class='ocrx_word' id='word_1_15' title='bbox 1069 580 1229 657; x_wconf 77' lang='grc' dir='ltr'><strong><em>,Δόνυυσον</em></strong></span> 
     </span>
     <span class='ocr_line' id='line_1_3' title="bbox 112 667 1230 765; baseline 0.004 -22"><span class='ocrx_word' id='word_1_16' title='bbox 112 681 197 743; x_wconf 80' lang='lat' dir='ltr'><strong>ouud.</strong></span> <span class='ocrx_word' id='word_1_17' title='bbox 220 675 297 744; x_wconf 70' lang='grc' dir='ltr'><strong>τοί.2</strong></span> <span class='ocrx_word' id='word_1_18' title='bbox 321 675 373 742; x_wconf 79' lang='grc' dir='ltr'><strong>Ἐκ</strong></span> <span class='ocrx_word' id='word_1_19' title='bbox 394 678 499 759; x_wconf 88' lang='grc' dir='ltr'><strong><em>Δήλου</em></strong></span> <span class='ocrx_word' id='word_1_20' title='bbox 520 678 563 757; x_wconf 73' lang='grc' dir='ltr'><strong>εὶς</strong></span> <span class='ocrx_word' id='word_1_21' title='bbox 585 680 713 763; x_wconf 83' lang='grc' dir='ltr'><strong><em>Πᾶτμου</em></strong></span> <span class='ocrx_word' id='word_1_22' title='bbox 733 683 814 745; x_wconf 78' lang='lat' dir='ltr'><strong>deod.</strong></span> <span class='ocrx_word' id='word_1_23' title='bbox 839 681 924 745; x_wconf 80' lang='lat' dir='ltr'><strong>nv&#39;.⁸</strong></span> <span class='ocrx_word' id='word_1_24' title='bbox 949 679 1000 746; x_wconf 81' lang='grc' dir='ltr'><strong>Ἐκ</strong></span> <span class='ocrx_word' id='word_1_25' title='bbox 1022 667 1152 765; x_wconf 70' lang='grc' dir='ltr'><strong><em>Δήλου*</em></strong></span> <span class='ocrx_word' id='word_1_26' title='bbox 1175 679 1230 748; x_wconf 79' lang='grc' dir='ltr'><strong>τὸν</strong></span> 
     </span>
     <span class='ocr_line' id='line_1_4' title="bbox 113 775 1230 864; baseline 0.008 -23"><span class='ocrx_word' id='word_1_27' title='bbox 113 775 398 844; x_wconf 79' lang='grc' dir='ltr'><strong><em>Μελανθισκοιιλᾶν</em></strong></span> <span class='ocrx_word' id='word_1_28' title='bbox 418 781 498 844; x_wconf 81' lang='lat' dir='ltr'><strong>urod.</strong></span> <span class='ocrx_word' id='word_1_29' title='bbox 523 786 581 863; x_wconf 72' lang='grc' dir='ltr'><strong>ου’.</strong></span> <span class='ocrx_word' id='word_1_30' title='bbox 603 779 653 844; x_wconf 83' lang='grc' dir='ltr'><strong>Ἐκ</strong></span> <span class='ocrx_word' id='word_1_31' title='bbox 675 779 780 864; x_wconf 88' lang='grc' dir='ltr'><strong><em>Δήλου</em></strong></span> <span class='ocrx_word' id='word_1_32' title='bbox 802 782 845 856; x_wconf 77' lang='grc' dir='ltr'><strong>εἰς</strong></span> <span class='ocrx_word' id='word_1_33' title='bbox 866 781 985 859; x_wconf 75' lang='grc' dir='ltr'><strong>Κοιίυις5</strong></span> <span class='ocrx_word' id='word_1_34' title='bbox 1012 786 1092 848; x_wconf 73' lang='lat' dir='ltr'><strong>used.</strong></span> <span class='ocrx_word' id='word_1_35' title='bbox 1116 781 1149 848; x_wconf 73' lang='grc' dir='ltr'><strong>τ’.</strong></span> <span class='ocrx_word' id='word_1_36' title='bbox 1178 782 1230 850; x_wconf 78' lang='grc' dir='ltr'><strong>Ἐκ</strong></span> 
     </span>
     <span class='ocr_line' id='line_1_5' title="bbox 112 877 1207 966; baseline 0.005 -24"><span class='ocrx_word' id='word_1_37' title='bbox 112 877 225 963; x_wconf 86' lang='grc' dir='ltr'><strong><em>Δήλου</em></strong></span> <span class='ocrx_word' id='word_1_38' title='bbox 243 879 430 966; x_wconf 75' lang='grc' dir='ltr'><strong><em>εἰς”Δνὸρον</em></strong></span> <span class='ocrx_word' id='word_1_39' title='bbox 452 883 532 946; x_wconf 79' lang='lat' dir='ltr'><strong>used.</strong></span> <span class='ocrx_word' id='word_1_40' title='bbox 556 879 622 945; x_wconf 77' lang='lat' dir='ltr'><strong>or&#39;.⁶</strong></span> <span class='ocrx_word' id='word_1_41' title='bbox 645 880 697 947; x_wconf 84' lang='grc' dir='ltr'><strong>Ἐκ</strong></span> <span class='ocrx_word' id='word_1_42' title='bbox 717 879 822 964; x_wconf 89' lang='grc' dir='ltr'><strong><em>Δήλου</em></strong></span> <span class='ocrx_word' id='word_1_43' title='bbox 844 882 887 956; x_wconf 79' lang='grc' dir='ltr'><strong>εἰς</strong></span> <span class='ocrx_word' id='word_1_44' title='bbox 910 879 1041 965; x_wconf 73' lang='grc' dir='ltr'><strong>Πήροιι7</strong></span> <span class='ocrx_word' id='word_1_45' title='bbox 1067 886 1148 950; x_wconf 76' lang='lat' dir='ltr'><strong>arud.</strong></span> <span class='ocrx_word' id='word_1_46' title='bbox 1171 881 1207 949; x_wconf 87' lang='lat' dir='ltr'><strong>u&#39;.</strong></span> 
     </span>
    </p>
   </div>
   <div class='ocr_carea' id='block_1_3' title="bbox 149 1056 1186 1152">
    <p class='ocr_par' dir='ltr' id='par_1_3' title="bbox 149 1056 1186 1152">
     <span class='ocr_line' id='line_1_6' title="bbox 149 1056 1186 1152; baseline 0.005 -23"><span class='ocrx_word' id='word_1_47' title='bbox 149 1061 509 1150; x_wconf 78' lang='grc' dir='ltr'><strong><em>Ἐπάνειμι-πάλιο</em></strong></span> <span class='ocrx_word' id='word_1_48' title='bbox 525 1069 584 1145; x_wconf 81' lang='grc' dir='ltr'><strong>Ιεἰς</strong></span> <span class='ocrx_word' id='word_1_49' title='bbox 605 1067 783 1134; x_wconf 82' lang='grc' dir='ltr'><strong><em>Μύνδου</em></strong></span> <span class='ocrx_word' id='word_1_50' title='bbox 809 1061 869 1150; x_wconf 79' lang='grc' dir='ltr'><strong>ἀφ’</strong></span> <span class='ocrx_word' id='word_1_51' title='bbox 892 1056 938 1152; x_wconf 81' lang='grc' dir='ltr'><strong>ἧς</strong></span> <span class='ocrx_word' id='word_1_52' title='bbox 962 1068 1186 1135; x_wconf 79' lang='grc' dir='ltr'><strong><em>κατέλιπον.</em></strong></span> 
     </span>
    </p>
   </div>
   <div class='ocr_carea' id='block_1_4' title="bbox 196 1161 1378 1272">
    <p class='ocr_par' dir='ltr' id='par_1_4' title="bbox 196 1161 1378 1272">
     <span class='ocr_line' id='line_1_7' title="bbox 196 1161 1378 1272; baseline 0 -23"><span class='ocrx_word' id='word_1_53' title='bbox 196 1181 249 1249; x_wconf 79' lang='grc' dir='ltr'><strong>Ἐκ</strong></span> <span class='ocrx_word' id='word_1_54' title='bbox 270 1180 375 1268; x_wconf 88' lang='grc' dir='ltr'><strong><em>Δήλου</em></strong></span> <span class='ocrx_word' id='word_1_55' title='bbox 398 1185 441 1261; x_wconf 78' lang='grc' dir='ltr'><strong>εἰς</strong></span> <span class='ocrx_word' id='word_1_56' title='bbox 464 1185 656 1270; x_wconf 81' lang='lat' dir='ltr'><strong>Hoivoppou⁸</strong></span> <span class='ocrx_word' id='word_1_57' title='bbox 680 1187 761 1250; x_wconf 80' lang='grc' dir='ltr'><strong>στυδ.</strong></span> <span class='ocrx_word' id='word_1_58' title='bbox 785 1181 824 1248; x_wconf 83' lang='grc' dir='ltr'><strong>π.’</strong></span> <span class='ocrx_word' id='word_1_59' title='bbox 846 1183 899 1248; x_wconf 78' lang='grc' dir='ltr'><strong>Ἐκ</strong></span> <span class='ocrx_word' id='word_1_60' title='bbox 919 1184 1025 1268; x_wconf 90' lang='grc' dir='ltr'><strong><em>Δήλου</em></strong></span> <span class='ocrx_word' id='word_1_61' title='bbox 1047 1188 1090 1264; x_wconf 79' lang='grc' dir='ltr'><strong>εἰς</strong></span> <span class='ocrx_word' id='word_1_62' title='bbox 1111 1161 1229 1272; x_wconf 75' lang='grc' dir='ltr'><strong><em>Βυρβυ-</em></strong></span> <span class='ocrx_word' id='word_1_63' title='bbox 1377 1229 1378 1234; x_wconf 40' lang='lat'>1</span> 
     </span>
    </p>
   </div>
   <div class='ocr_carea' id='block_1_5' title="bbox 110 1349 1241 1640">
    <p class='ocr_par' dir='ltr' id='par_1_5' title="bbox 110 1349 1241 1640">
     <span class='ocr_line' id='line_1_8' title="bbox 110 1349 1227 1422; baseline 0.003 -15"><span class='ocrx_word' id='word_1_64' title='bbox 110 1355 142 1407; x_wconf 93' lang='lat' dir='ltr'><strong>in</strong></span> <span class='ocrx_word' id='word_1_65' title='bbox 176 1349 292 1408; x_wconf 82' lang='lat' dir='ltr'><strong>Tenum</strong></span> <span class='ocrx_word' id='word_1_66' title='bbox 320 1351 499 1410; x_wconf 61' lang='grc' dir='ltr'><strong>πολλὴ-250.</strong></span> <span class='ocrx_word' id='word_1_67' title='bbox 539 1355 562 1410; x_wconf 86' lang='grc' dir='ltr'>Α</span> <span class='ocrx_word' id='word_1_68' title='bbox 590 1353 667 1410; x_wconf 87' lang='lat' dir='ltr'><strong>Delo</strong></span> <span class='ocrx_word' id='word_1_69' title='bbox 692 1356 724 1410; x_wconf 91' lang='lat' dir='ltr'><strong>in</strong></span> <span class='ocrx_word' id='word_1_70' title='bbox 745 1351 862 1409; x_wconf 82' lang='lat' dir='ltr'>Naxum</span> <span class='ocrx_word' id='word_1_71' title='bbox 883 1352 978 1410; x_wconf 87' lang='lat' dir='ltr'><strong>stadia</strong></span> <span class='ocrx_word' id='word_1_72' title='bbox 996 1353 1061 1410; x_wconf 83' lang='grc'><strong>350.</strong></span> <span class='ocrx_word' id='word_1_73' title='bbox 1103 1354 1128 1412; x_wconf 84' lang='grc' dir='ltr'>Α</span> <span class='ocrx_word' id='word_1_74' title='bbox 1152 1350 1227 1422; x_wconf 88' lang='lat' dir='ltr'><strong>Delo</strong></span> 
     </span>
     <span class='ocr_line' id='line_1_9' title="bbox 111 1423 1241 1492; baseline 0.009 -10"><span class='ocrx_word' id='word_1_75' title='bbox 111 1425 151 1483; x_wconf 88' lang='lat' dir='ltr'><strong>ad</strong></span> <span class='ocrx_word' id='word_1_76' title='bbox 179 1423 332 1485; x_wconf 76' lang='lat' dir='ltr'><strong>Donusam</strong></span> <span class='ocrx_word' id='word_1_77' title='bbox 352 1429 447 1485; x_wconf 83' lang='lat' dir='ltr'><strong>stadie</strong></span> <span class='ocrx_word' id='word_1_78' title='bbox 472 1431 538 1486; x_wconf 82' lang='lat'>320.</span> <span class='ocrx_word' id='word_1_79' title='bbox 580 1429 604 1486; x_wconf 87' lang='lat' dir='ltr'>E</span> <span class='ocrx_word' id='word_1_80' title='bbox 631 1428 706 1486; x_wconf 89' lang='lat' dir='ltr'><strong>Delo</strong></span> <span class='ocrx_word' id='word_1_81' title='bbox 732 1431 763 1486; x_wconf 86' lang='lat' dir='ltr'><strong>in</strong></span> <span class='ocrx_word' id='word_1_82' title='bbox 791 1427 944 1486; x_wconf 85' lang='lat' dir='ltr'><strong>Pathmum</strong></span> <span class='ocrx_word' id='word_1_83' title='bbox 970 1429 1065 1486; x_wconf 84' lang='lat' dir='ltr'><strong>stadia</strong></span> <span class='ocrx_word' id='word_1_84' title='bbox 1094 1427 1158 1488; x_wconf 79' lang='grc'><strong>850.</strong></span> <span class='ocrx_word' id='word_1_85' title='bbox 1204 1429 1241 1492; x_wconf 89' lang='grc' dir='ltr'><strong>Ε,</strong></span> 
     </span>
     <span class='ocr_line' id='line_1_10' title="bbox 111 1500 1232 1578; baseline 0.005 -20"><span class='ocrx_word' id='word_1_86' title='bbox 111 1500 191 1560; x_wconf 90' lang='lat' dir='ltr'><strong>Delo</strong></span> <span class='ocrx_word' id='word_1_87' title='bbox 210 1503 247 1559; x_wconf 85' lang='lat' dir='ltr'><strong>ed</strong></span> <span class='ocrx_word' id='word_1_88' title='bbox 267 1505 399 1578; x_wconf 79' lang='lat' dir='ltr'><strong>scopulos</strong></span> <span class='ocrx_word' id='word_1_89' title='bbox 420 1503 597 1563; x_wconf 76' lang='lat' dir='ltr'><strong>Melanthios</strong></span> <span class='ocrx_word' id='word_1_90' title='bbox 617 1504 713 1562; x_wconf 84' lang='lat' dir='ltr'><strong>stadia</strong></span> <span class='ocrx_word' id='word_1_91' title='bbox 735 1507 797 1562; x_wconf 83' lang='lat'>180.</span> <span class='ocrx_word' id='word_1_92' title='bbox 832 1503 856 1562; x_wconf 86' lang='lat' dir='ltr'><strong>E</strong></span> <span class='ocrx_word' id='word_1_93' title='bbox 875 1503 952 1562; x_wconf 90' lang='lat' dir='ltr'><strong>Delo</strong></span> <span class='ocrx_word' id='word_1_94' title='bbox 973 1507 1005 1562; x_wconf 90' lang='lat' dir='ltr'><strong>in</strong></span> <span class='ocrx_word' id='word_1_95' title='bbox 1025 1503 1116 1563; x_wconf 75' lang='lat' dir='ltr'><strong>ceum</strong></span> <span class='ocrx_word' id='word_1_96' title='bbox 1136 1505 1232 1564; x_wconf 83' lang='lat' dir='ltr'><strong>stadia</strong></span> 
     </span>
     <span class='ocr_line' id='line_1_11' title="bbox 112 1577 1230 1640; baseline 0.004 -4"><span class='ocrx_word' id='word_1_97' title='bbox 112 1579 183 1640; x_wconf 88' lang='grc'><strong>300.</strong></span> <span class='ocrx_word' id='word_1_98' title='bbox 202 1577 318 1636; x_wconf 89' lang='lat' dir='ltr'><strong>EDelo</strong></span> <span class='ocrx_word' id='word_1_99' title='bbox 338 1581 369 1636; x_wconf 94' lang='lat' dir='ltr'><strong>in</strong></span> <span class='ocrx_word' id='word_1_100' title='bbox 386 1580 519 1638; x_wconf 84' lang='lat' dir='ltr'>Andrum</span> <span class='ocrx_word' id='word_1_101' title='bbox 539 1582 634 1640; x_wconf 87' lang='lat' dir='ltr'><strong>stadia</strong></span> <span class='ocrx_word' id='word_1_102' title='bbox 649 1583 714 1640; x_wconf 92' lang='grc'><strong>800.</strong></span> <span class='ocrx_word' id='word_1_103' title='bbox 734 1579 759 1638; x_wconf 90' lang='lat' dir='ltr'>E</span> <span class='ocrx_word' id='word_1_104' title='bbox 775 1579 851 1637; x_wconf 88' lang='lat' dir='ltr'><strong>Delo</strong></span> <span class='ocrx_word' id='word_1_105' title='bbox 873 1581 905 1638; x_wconf 93' lang='lat' dir='ltr'><strong>in</strong></span> <span class='ocrx_word' id='word_1_106' title='bbox 925 1579 1031 1638; x_wconf 89' lang='lat' dir='ltr'><strong>Parum</strong></span> <span class='ocrx_word' id='word_1_107' title='bbox 1051 1581 1145 1640; x_wconf 81' lang='lat' dir='ltr'><strong>stadia</strong></span> <span class='ocrx_word' id='word_1_108' title='bbox 1163 1585 1230 1640; x_wconf 81' lang='grc'><strong>400.</strong></span> 
     </span>
    </p>
   </div>
   <div class='ocr_carea' id='block_1_6' title="bbox 131 1701 1269 1934">
    <p class='ocr_par' dir='ltr' id='par_1_6' title="bbox 131 1701 1269 1934">
     <span class='ocr_line' id='line_1_12' title="bbox 131 1701 1182 1823; baseline 0.006 -24"><span class='ocrx_word' id='word_1_109' title='bbox 131 1757 133 1761; x_wconf 75' lang='grc'>’</span> <span class='ocrx_word' id='word_1_110' title='bbox 165 1733 370 1802; x_wconf 88' lang='lat' dir='ltr'><strong>Revertor</strong></span> <span class='ocrx_word' id='word_1_111' title='bbox 397 1741 446 1802; x_wconf 88' lang='lat' dir='ltr'><strong>ad</strong></span> <span class='ocrx_word' id='word_1_112' title='bbox 469 1737 681 1823; x_wconf 84' lang='lat' dir='ltr'><strong>Myndum,</strong></span> <span class='ocrx_word' id='word_1_113' title='bbox 709 1739 815 1802; x_wconf 89' lang='lat' dir='ltr'><strong>unde</strong></span> <span class='ocrx_word' id='word_1_114' title='bbox 840 1727 1063 1822; x_wconf 85' lang='lat' dir='ltr'><strong>digressus</strong></span> <span class='ocrx_word' id='word_1_115' title='bbox 1085 1701 1182 1806; x_wconf 82' lang='lat' dir='ltr'><strong>sum.</strong></span> 
     </span>
     <span class='ocr_line' id='line_1_13' title="bbox 193 1853 1269 1934; baseline 0.003 -20"><span class='ocrx_word' id='word_1_116' title='bbox 193 1855 219 1914; x_wconf 86' lang='grc' dir='ltr'>Ε</span> <span class='ocrx_word' id='word_1_117' title='bbox 245 1853 320 1911; x_wconf 88' lang='lat' dir='ltr'><strong>Delo</strong></span> <span class='ocrx_word' id='word_1_118' title='bbox 348 1857 379 1912; x_wconf 93' lang='lat' dir='ltr'><strong>iu</strong></span> <span class='ocrx_word' id='word_1_119' title='bbox 406 1855 583 1915; x_wconf 87' lang='lat' dir='ltr'><strong>Panormum</strong></span> <span class='ocrx_word' id='word_1_120' title='bbox 610 1854 704 1914; x_wconf 87' lang='lat' dir='ltr'><strong>stadia</strong></span> <span class='ocrx_word' id='word_1_121' title='bbox 723 1857 769 1913; x_wconf 88' lang='grc'><strong>80.</strong></span> <span class='ocrx_word' id='word_1_122' title='bbox 809 1855 834 1912; x_wconf 88' lang='grc' dir='ltr'>Ε</span> <span class='ocrx_word' id='word_1_123' title='bbox 860 1853 935 1914; x_wconf 90' lang='lat' dir='ltr'><strong>Delu</strong></span> <span class='ocrx_word' id='word_1_124' title='bbox 955 1857 991 1914; x_wconf 87' lang='lat' dir='ltr'><strong>ud</strong></span> <span class='ocrx_word' id='word_1_125' title='bbox 1012 1855 1151 1934; x_wconf 73' lang='lat' dir='ltr'>Bargylia</span> <span class='ocrx_word' id='word_1_126' title='bbox 1171 1867 1230 1918; x_wconf 88' lang='lat' dir='ltr'><strong>sta·</strong></span> <span class='ocrx_word' id='word_1_127' title='bbox 1267 1882 1269 1886; x_wconf 94' lang='lat'>·</span> 
     </span>
    </p>
   </div>
   <div class='ocr_carea' id='block_1_7' title="bbox 115 2031 1277 2516">
    <p class='ocr_par' dir='ltr' id='par_1_7' title="bbox 115 2031 1252 2295">
     <span class='ocr_line' id='line_1_14' title="bbox 115 2031 1252 2105; baseline -0.003 -14"><span class='ocrx_word' id='word_1_128' title='bbox 115 2055 176 2091; x_wconf 83' lang='grc' dir='ltr'><strong>νου.</strong></span> <span class='ocrx_word' id='word_1_129' title='bbox 193 2084 196 2092; x_wconf 86' lang='grc'>,</span> <span class='ocrx_word' id='word_1_130' title='bbox 214 2036 283 2086; x_wconf 85' lang='lat' dir='ltr'><strong>Cum</strong></span> <span class='ocrx_word' id='word_1_131' title='bbox 317 2033 400 2087; x_wconf 84' lang='lat' dir='ltr'><strong>huius</strong></span> <span class='ocrx_word' id='word_1_132' title='bbox 425 2037 535 2089; x_wconf 82' lang='lat' dir='ltr'><strong>insulae</strong></span> <span class='ocrx_word' id='word_1_133' title='bbox 561 2042 659 2105; x_wconf 79' lang='lat' dir='ltr'><strong>portur</strong></span> <span class='ocrx_word' id='word_1_134' title='bbox 677 2031 730 2086; x_wconf 50' lang='lat' dir='ltr'><strong>*ad</strong></span> <span class='ocrx_word' id='word_1_135' title='bbox 749 2035 885 2086; x_wconf 77' lang='lat' dir='ltr'><strong>orientem</strong></span> <span class='ocrx_word' id='word_1_136' title='bbox 903 2040 1028 2102; x_wconf 84' lang='lat' dir='ltr'><strong>spectat,</strong></span> <span class='ocrx_word' id='word_1_137' title='bbox 1047 2037 1141 2103; x_wconf 87' lang='lat' dir='ltr'><strong>posita</strong></span> <span class='ocrx_word' id='word_1_138' title='bbox 1161 2045 1252 2100; x_wconf 86' lang='lat' dir='ltr'><strong>erat,&#39;</strong></span> 
     </span>
     <span class='ocr_line' id='line_1_15' title="bbox 116 2105 1234 2173; baseline -0.003 -15"><span class='ocrx_word' id='word_1_139' title='bbox 116 2106 170 2158; x_wconf 87' lang='lat' dir='ltr'><strong>sub</strong></span> <span class='ocrx_word' id='word_1_140' title='bbox 183 2105 275 2172; x_wconf 86' lang='lat' dir='ltr'><strong>ipsum</strong></span> <span class='ocrx_word' id='word_1_141' title='bbox 292 2105 481 2158; x_wconf 87' lang='lat' dir='ltr'><strong>meridianum</strong></span> <span class='ocrx_word' id='word_1_142' title='bbox 498 2107 604 2158; x_wconf 85' lang='lat' dir='ltr'><strong>exitum</strong></span> <span class='ocrx_word' id='word_1_143' title='bbox 617 2107 659 2157; x_wconf 87' lang='lat' dir='ltr'><strong>si·</strong></span> <span class='ocrx_word' id='word_1_144' title='bbox 694 2105 755 2156; x_wconf 91' lang='lat' dir='ltr'><strong>eius</strong></span> <span class='ocrx_word' id='word_1_145' title='bbox 773 2111 868 2170; x_wconf 80' lang='lat' dir='ltr'><strong>autern</strong></span> <span class='ocrx_word' id='word_1_146' title='bbox 883 2111 984 2170; x_wconf 85' lang='lat' dir='ltr'><strong>portus</strong></span> <span class='ocrx_word' id='word_1_147' title='bbox 1002 2105 1030 2154; x_wconf 90' lang='lat' dir='ltr'><strong>in</strong></span> <span class='ocrx_word' id='word_1_148' title='bbox 1049 2107 1180 2173; x_wconf 89' lang='lat' dir='ltr'><strong>opposito</strong></span> <span class='ocrx_word' id='word_1_149' title='bbox 1200 2105 1234 2156; x_wconf 88' lang='lat' dir='ltr'><strong>li·</strong></span> 
     </span>
     <span class='ocr_line' id='line_1_16' title="bbox 116 2165 1235 2242; baseline 0 -16"><span class='ocrx_word' id='word_1_150' title='bbox 116 2182 163 2226; x_wconf 89' lang='lat' dir='ltr'><strong>tus</strong></span> <span class='ocrx_word' id='word_1_151' title='bbox 182 2175 297 2236; x_wconf 84' lang='lat' dir='ltr'><strong>sit‚·eu</strong></span> <span class='ocrx_word' id='word_1_152' title='bbox 318 2175 407 2242; x_wconf 82' lang='lat' dir='ltr'><strong>magis</strong></span> <span class='ocrx_word' id='word_1_153' title='bbox 425 2181 560 2228; x_wconf 79' lang='lat' dir='ltr'><strong>mensura</strong></span> <span class='ocrx_word' id='word_1_154' title='bbox 583 2165 668 2226; x_wconf 84' lang='lat' dir='ltr'><strong>iustu&#39;</strong></span> <span class='ocrx_word' id='word_1_155' title='bbox 693 2179 772 2224; x_wconf 87' lang='lat' dir='ltr'><strong>tore:</strong></span> <span class='ocrx_word' id='word_1_156' title='bbox 792 2173 817 2222; x_wconf 84' lang='lat' dir='ltr'><strong>is</strong></span> <span class='ocrx_word' id='word_1_157' title='bbox 832 2173 1002 2223; x_wconf 85' lang='lat' dir='ltr'><strong>Gaurion</strong></span> <span class='ocrx_word' id='word_1_158' title='bbox 1020 2173 1080 2224; x_wconf 86' lang='lat' dir='ltr'><strong>sive</strong></span> <span class='ocrx_word' id='word_1_159' title='bbox 1097 2173 1235 2226; x_wconf 82' lang='lat' dir='ltr'><strong>Gaure-</strong></span> 
     </span>
     <span class='ocr_line' id='line_1_17' title="bbox 118 2240 1237 2295; baseline -0.002 0"><span class='ocrx_word' id='word_1_160' title='bbox 118 2245 210 2295; x_wconf 83' lang='lat' dir='ltr'><strong>maior</strong></span> <span class='ocrx_word' id='word_1_161' title='bbox 228 2243 369 2293; x_wconf 85' lang='lat' dir='ltr'><strong>censenda</strong></span> <span class='ocrx_word' id='word_1_162' title='bbox 388 2249 442 2294; x_wconf 89' lang='lat' dir='ltr'><strong>est.</strong></span> <span class='ocrx_word' id='word_1_163' title='bbox 693 2240 770 2291; x_wconf 88' lang='lat' dir='ltr'><strong>lion</strong></span> <span class='ocrx_word' id='word_1_164' title='bbox 792 2241 938 2291; x_wconf 83' lang='lat' dir='ltr'>dicebatur</span> <span class='ocrx_word' id='word_1_165' title='bbox 955 2246 985 2292; x_wconf 90' lang='lat' dir='ltr'><strong>et</strong></span> <span class='ocrx_word' id='word_1_166' title='bbox 999 2241 1143 2292; x_wconf 75' lang='lat' dir='ltr'><strong>(laurio</strong></span> <span class='ocrx_word' id='word_1_167' title='bbox 1163 2259 1237 2294; x_wconf 89' lang='lat' dir='ltr'><strong>nuno</strong></span> 
     </span>
    </p>

    <p class='ocr_par' dir='ltr' id='par_1_8' title="bbox 117 2310 1277 2516">
     <span class='ocr_line' id='line_1_18' title="bbox 154 2310 1235 2378; baseline -0.001 -16"><span class='ocrx_word' id='word_1_168' title='bbox 154 2312 180 2372; x_wconf 88' lang='lat' dir='ltr'><strong>l·)</strong></span> <span class='ocrx_word' id='word_1_169' title='bbox 199 2310 308 2363; x_wconf 82' lang='lat' dir='ltr'><strong>Plinius</strong></span> <span class='ocrx_word' id='word_1_170' title='bbox 324 2310 422 2362; x_wconf 82' lang='lat' dir='ltr'><strong>Neron</strong></span> <span class='ocrx_word' id='word_1_171' title='bbox 444 2312 547 2364; x_wconf 83' lang='lat' dir='ltr'><strong>aDelo</strong></span> <span class='ocrx_word' id='word_1_172' title='bbox 564 2311 659 2364; x_wconf 89' lang='lat' dir='ltr'><strong>XVlll</strong></span> <span class='ocrx_word' id='word_1_173' title='bbox 694 2324 807 2378; x_wconf 87' lang='lat' dir='ltr'><strong>quoque</strong></span> <span class='ocrx_word' id='word_1_174' title='bbox 822 2315 949 2372; x_wconf 79' lang='lat' dir='ltr'><strong>vocatur,</strong></span> <span class='ocrx_word' id='word_1_175' title='bbox 970 2313 1003 2359; x_wconf 88' lang='lat' dir='ltr'><strong>ut</strong></span> <span class='ocrx_word' id='word_1_176' title='bbox 1021 2310 1089 2360; x_wconf 90' lang='lat' dir='ltr'><strong>urbs</strong></span> <span class='ocrx_word' id='word_1_177' title='bbox 1102 2311 1122 2360; x_wconf 80' lang='grc' dir='ltr'>Α</span> <span class='ocrx_word' id='word_1_178' title='bbox 1135 2311 1235 2366; x_wconf 64' lang='grc' dir='ltr'><strong>ιιάιῑο.</strong></span> 
     </span>
     <span class='ocr_line' id='line_1_19' title="bbox 117 2375 1237 2448; baseline -0.001 -17"><span class='ocrx_word' id='word_1_179' title='bbox 117 2379 388 2446; x_wconf 78' lang='lat' dir='ltr'><strong>millibuspmsuum</strong></span> <span class='ocrx_word' id='word_1_180' title='bbox 405 2381 502 2432; x_wconf 80' lang='lat' dir='ltr'><strong>abesse</strong></span> <span class='ocrx_word' id='word_1_181' title='bbox 517 2381 594 2440; x_wconf 77' lang='lat' dir='ltr'><strong>dicit,</strong></span> <span class='ocrx_word' id='word_1_182' title='bbox 610 2381 658 2448; x_wconf 89' lang='lat' dir='ltr'><strong>qui</strong></span> <span class='ocrx_word' id='word_1_183' title='bbox 721 2379 748 2438; x_wconf 78' lang='lat' dir='ltr'><strong>l)</strong></span> <span class='ocrx_word' id='word_1_184' title='bbox 761 2375 1074 2430; x_wconf 84' lang='lat' dir='ltr'><strong>l’llniusParonaDelu</strong></span> <span class='ocrx_word' id='word_1_185' title='bbox 1084 2375 1237 2430; x_wconf 86' lang='lat' dir='ltr'><strong>XXXVlll</strong></span> 
     </span>
     <span class='ocr_line' id='line_1_20' title="bbox 117 2446 1277 2516; baseline -0.003 -15"><span class='ocrx_word' id='word_1_186' title='bbox 117 2456 230 2501; x_wconf 81' lang='lat' dir='ltr'><strong>centurn</strong></span> <span class='ocrx_word' id='word_1_187' title='bbox 262 2449 357 2500; x_wconf 80' lang='lat' dir='ltr'><strong>decens</strong></span> <span class='ocrx_word' id='word_1_188' title='bbox 396 2449 490 2501; x_wconf 89' lang='lat' dir='ltr'><strong>stadia</strong></span> <span class='ocrx_word' id='word_1_189' title='bbox 522 2446 657 2500; x_wconf 82' lang='lat' dir='ltr'><strong>efficiunt.</strong></span> <span class='ocrx_word' id='word_1_190' title='bbox 694 2447 819 2497; x_wconf 85' lang='lat' dir='ltr'><strong>millibus</strong></span> <span class='ocrx_word' id='word_1_191' title='bbox 839 2461 983 2512; x_wconf 82' lang='lat' dir='ltr'><strong>passuum,</strong></span> <span class='ocrx_word' id='word_1_192' title='bbox 1003 2457 1075 2512; x_wconf 82' lang='lat' dir='ltr'><strong>quae</strong></span> <span class='ocrx_word' id='word_1_193' title='bbox 1094 2446 1237 2499; x_wconf 83' lang='lat' dir='ltr'><strong>CCXXlV</strong></span> <span class='ocrx_word' id='word_1_194' title='bbox 1271 2505 1277 2516; x_wconf 90' lang='lat'><strong>.</strong></span> 
     </span>
    </p>
   </div>
   <div class='ocr_carea' id='block_1_8' title="bbox 119 2513 1327 2578">
    <p class='ocr_par' dir='ltr' id='par_1_9' title="bbox 119 2513 1327 2578">
     <span class='ocr_line' id='line_1_21' title="bbox 119 2513 1327 2578; baseline -0.002 -10"><span class='ocrx_word' id='word_1_195' title='bbox 119 2517 206 2568; x_wconf 79' lang='lat' dir='ltr'><strong>l’linii</strong></span> <span class='ocrx_word' id='word_1_196' title='bbox 221 2530 286 2565; x_wconf 85' lang='lat' dir='ltr'><strong>veru</strong></span> <span class='ocrx_word' id='word_1_197' title='bbox 302 2529 450 2568; x_wconf 86' lang='lat' dir='ltr'><strong>mensurae</strong></span> <span class='ocrx_word' id='word_1_198' title='bbox 466 2533 529 2568; x_wconf 86' lang='lat' dir='ltr'><strong>curn</strong></span> <span class='ocrx_word' id='word_1_199' title='bbox 543 2519 658 2568; x_wconf 89' lang='lat' dir='ltr'><strong>omnino</strong></span> <span class='ocrx_word' id='word_1_200' title='bbox 694 2514 1002 2578; x_wconf 65' lang='lat' dir='ltr'><strong>stadiasunt‚,abesse</strong></span> <span class='ocrx_word' id='word_1_201' title='bbox 1023 2513 1108 2577; x_wconf 83' lang='lat' dir='ltr'><strong>dicit,</strong></span> <span class='ocrx_word' id='word_1_202' title='bbox 1135 2513 1238 2567; x_wconf 87' lang='lat' dir='ltr'><strong>uthoc</strong></span> <span class='ocrx_word' id='word_1_203' title='bbox 1324 2517 1327 2524; x_wconf 91' lang='lat'>&#39;</span> 
     </span>
    </p>
   </div>
   <div class='ocr_carea' id='block_1_9' title="bbox 117 2577 1280 4365">
    <p class='ocr_par' dir='ltr' id='par_1_10' title="bbox 117 2577 1280 4365">
     <span class='ocr_line' id='line_1_22' title="bbox 118 2577 1239 2652; baseline -0.002 -16"><span class='ocrx_word' id='word_1_204' title='bbox 118 2584 252 2636; x_wconf 85' lang='lat' dir='ltr'><strong>minimae</strong></span> <span class='ocrx_word' id='word_1_205' title='bbox 282 2598 345 2637; x_wconf 87' lang='lat' dir='ltr'><strong>esse</strong></span> <span class='ocrx_word' id='word_1_206' title='bbox 376 2586 483 2648; x_wconf 83' lang='lat' dir='ltr'><strong>solent,</strong></span> <span class='ocrx_word' id='word_1_207' title='bbox 514 2593 573 2638; x_wconf 86' lang='lat' dir='ltr'><strong>tum</strong></span> <span class='ocrx_word' id='word_1_208' title='bbox 600 2601 667 2652; x_wconf 59' lang='lat' dir='ltr'><strong>spa·v</strong></span> <span class='ocrx_word' id='word_1_209' title='bbox 694 2589 825 2644; x_wconf 84' lang='lat' dir='ltr'><strong>auctore,</strong></span> <span class='ocrx_word' id='word_1_210' title='bbox 847 2583 872 2634; x_wconf 85' lang='lat' dir='ltr'><strong>si</strong></span> <span class='ocrx_word' id='word_1_211' title='bbox 894 2582 1038 2650; x_wconf 84' lang='lat' dir='ltr'><strong>scripturo</strong></span> <span class='ocrx_word' id='word_1_212' title='bbox 1058 2577 1084 2634; x_wconf 88' lang='lat' dir='ltr'><strong>u‘</strong></span> <span class='ocrx_word' id='word_1_213' title='bbox 1104 2590 1239 2650; x_wconf 87' lang='lat' dir='ltr'><strong>corrupta</strong></span> 
     </span>
     <span class='ocr_line' id='line_1_23' title="bbox 117 2648 1238 2770; baseline -0.003 -65"><span class='ocrx_word' id='word_1_214' title='bbox 117 2656 161 2705; x_wconf 84' lang='lat' dir='ltr'><strong>tia</strong></span> <span class='ocrx_word' id='word_1_215' title='bbox 179 2652 262 2703; x_wconf 90' lang='lat' dir='ltr'><strong>modu</strong></span> <span class='ocrx_word' id='word_1_216' title='bbox 282 2651 316 2703; x_wconf 88' lang='lat' dir='ltr'><strong>ab</strong></span> <span class='ocrx_word' id='word_1_217' title='bbox 336 2667 370 2704; x_wconf 89' lang='lat' dir='ltr'><strong>eu</strong></span> <span class='ocrx_word' id='word_1_218' title='bbox 386 2653 659 2722; x_wconf 78' lang='lat' dir='ltr'><strong>deliniuntur-„qnae</strong></span> <span class='ocrx_word' id='word_1_219' title='bbox 694 2651 821 2770; x_wconf 63' lang='lat' dir='ltr'><strong>putanda</strong></span> <span class='ocrx_word' id='word_1_220' title='bbox 840 2659 892 2712; x_wconf 85' lang='lat' dir='ltr'><strong>est,</strong></span> <span class='ocrx_word' id='word_1_221' title='bbox 912 2650 948 2702; x_wconf 85' lang='lat' dir='ltr'><strong>ad</strong></span> <span class='ocrx_word' id='word_1_222' title='bbox 967 2665 1104 2703; x_wconf 85' lang='lat' dir='ltr'><strong>summum</strong></span> <span class='ocrx_word' id='word_1_223' title='bbox 1127 2648 1151 2703; x_wconf 83' lang='grc' dir='ltr'><strong>τ’</strong></span> <span class='ocrx_word' id='word_1_224' title='bbox 1168 2652 1238 2704; x_wconf 85' lang='lat' dir='ltr'><strong>scri-</strong></span> 
     </span>
     <span class='ocr_line' id='line_1_24' title="bbox 118 2719 1237 2787; baseline 0 -15"><span class='ocrx_word' id='word_1_225' title='bbox 118 2719 659 2787; x_wconf 79' lang='lat' dir='ltr'><strong>interinsulasipsas.nuneurumur-</strong></span> <span class='ocrx_word' id='word_1_226' title='bbox 715 2720 815 2772; x_wconf 86' lang='lat' dir='ltr'><strong>endum</strong></span> <span class='ocrx_word' id='word_1_227' title='bbox 844 2721 891 2772; x_wconf 87' lang='lat' dir='ltr'><strong>sit.</strong></span> <span class='ocrx_word' id='word_1_228' title='bbox 928 2719 984 2771; x_wconf 84' lang='lat' dir='ltr'><strong>Sed</strong></span> <span class='ocrx_word' id='word_1_229' title='bbox 1009 2727 1089 2770; x_wconf 84' lang='lat' dir='ltr'><strong>recta</strong></span> <span class='ocrx_word' id='word_1_230' title='bbox 1112 2721 1137 2770; x_wconf 89' lang='lat' dir='ltr'><strong>si</strong></span> <span class='ocrx_word' id='word_1_231' title='bbox 1163 2735 1237 2772; x_wconf 89' lang='lat' dir='ltr'><strong>meu·</strong></span> 
     </span>
     <span class='ocr_line' id='line_1_25' title="bbox 118 2787 1238 2854; baseline -0.002 -12"><span class='ocrx_word' id='word_1_232' title='bbox 118 2791 180 2852; x_wconf 90' lang='lat' dir='ltr'><strong>bes,</strong></span> <span class='ocrx_word' id='word_1_233' title='bbox 195 2789 384 2843; x_wconf 84' lang='lat' dir='ltr'><strong>intercedunt.</strong></span> <span class='ocrx_word' id='word_1_234' title='bbox 405 2790 461 2841; x_wconf 84' lang='lat' dir='ltr'><strong>Sed</strong></span> <span class='ocrx_word' id='word_1_235' title='bbox 481 2791 600 2854; x_wconf 88' lang='lat' dir='ltr'><strong>etiamsi,</strong></span> <span class='ocrx_word' id='word_1_236' title='bbox 620 2791 660 2840; x_wconf 91' lang='lat' dir='ltr'><strong>in·</strong></span> <span class='ocrx_word' id='word_1_237' title='bbox 694 2804 760 2841; x_wconf 84' lang='lat' dir='ltr'><strong>sura</strong></span> <span class='ocrx_word' id='word_1_238' title='bbox 785 2794 845 2847; x_wconf 88' lang='lat' dir='ltr'><strong>est,</strong></span> <span class='ocrx_word' id='word_1_239' title='bbox 871 2803 943 2852; x_wconf 87' lang='lat' dir='ltr'><strong>quae</strong></span> <span class='ocrx_word' id='word_1_240' title='bbox 969 2801 1055 2852; x_wconf 89' lang='lat' dir='ltr'><strong>supra</strong></span> <span class='ocrx_word' id='word_1_241' title='bbox 1081 2787 1156 2838; x_wconf 89' lang='lat' dir='ltr'><strong>iuter</strong></span> <span class='ocrx_word' id='word_1_242' title='bbox 1184 2789 1238 2840; x_wconf 85' lang='lat' dir='ltr'><strong>Na-</strong></span> 
     </span>
     <span class='ocr_line' id='line_1_26' title="bbox 118 2849 1240 2925; baseline -0.003 -15"><span class='ocrx_word' id='word_1_243' title='bbox 118 2866 165 2911; x_wconf 88' lang='lat' dir='ltr'><strong>ter</strong></span> <span class='ocrx_word' id='word_1_244' title='bbox 183 2859 247 2910; x_wconf 83' lang='lat' dir='ltr'><strong>Deli</strong></span> <span class='ocrx_word' id='word_1_245' title='bbox 265 2864 376 2924; x_wconf 87' lang='lat' dir='ltr'><strong>portum</strong></span> <span class='ocrx_word' id='word_1_246' title='bbox 391 2858 546 2925; x_wconf 80' lang='lat' dir='ltr'><strong>Naxunque</strong></span> <span class='ocrx_word' id='word_1_247' title='bbox 563 2860 659 2909; x_wconf 88' lang='lat' dir='ltr'><strong>urbem</strong></span> <span class='ocrx_word' id='word_1_248' title='bbox 694 2870 760 2906; x_wconf 86' lang='lat' dir='ltr'><strong>xum</strong></span> <span class='ocrx_word' id='word_1_249' title='bbox 781 2849 937 2920; x_wconf 74' lang='lat' dir='ltr'><strong>Delumque</strong></span> <span class='ocrx_word' id='word_1_250' title='bbox 960 2853 1138 2907; x_wconf 82' lang='lat' dir='ltr'><strong>intercedere</strong></span> <span class='ocrx_word' id='word_1_251' title='bbox 1165 2854 1240 2914; x_wconf 78' lang='lat' dir='ltr'><strong>dioe-</strong></span> 
     </span>
     <span class='ocr_line' id='line_1_27' title="bbox 119 2919 1239 2996; baseline -0.003 -18"><span class='ocrx_word' id='word_1_252' title='bbox 119 2926 190 2996; x_wconf 93' lang='lat' dir='ltr'><strong>quid</strong></span> <span class='ocrx_word' id='word_1_253' title='bbox 223 2927 366 2980; x_wconf 81' lang='lat' dir='ltr'><strong>intervelli</strong></span> <span class='ocrx_word' id='word_1_254' title='bbox 399 2927 575 2988; x_wconf 79' lang='lat' dir='ltr'><strong>intercedat,</strong></span> <span class='ocrx_word' id='word_1_255' title='bbox 612 2941 661 2994; x_wconf 92' lang='lat' dir='ltr'><strong>pu·</strong></span> <span class='ocrx_word' id='word_1_256' title='bbox 694 2923 796 2985; x_wconf 89' lang='lat' dir='ltr'><strong>batur,</strong></span> <span class='ocrx_word' id='word_1_257' title='bbox 814 2929 873 2972; x_wconf 88' lang='lat' dir='ltr'><strong>tum</strong></span> <span class='ocrx_word' id='word_1_258' title='bbox 897 2923 1010 2990; x_wconf 84' lang='lat' dir='ltr'><strong>integra</strong></span> <span class='ocrx_word' id='word_1_259' title='bbox 1032 2919 1102 2983; x_wconf 82' lang='lat' dir='ltr'><strong>haee</strong></span> <span class='ocrx_word' id='word_1_260' title='bbox 1130 2933 1239 2992; x_wconf 86' lang='lat' dir='ltr'><strong>quoque</strong></span> 
     </span>
     <span class='ocr_line' id='line_1_28' title="bbox 122 2991 1240 3058; baseline -0.005 -10"><span class='ocrx_word' id='word_1_261' title='bbox 122 3006 215 3048; x_wconf 69' lang='lat' dir='ltr'><strong>miuus</strong></span> <span class='ocrx_word' id='word_1_262' title='bbox 235 2995 308 3058; x_wconf 86' lang='lat' dir='ltr'><strong>diei,</strong></span> <span class='ocrx_word' id='word_1_263' title='bbox 327 3003 418 3046; x_wconf 85' lang='lat' dir='ltr'><strong>tumen</strong></span> <span class='ocrx_word' id='word_1_264' title='bbox 439 2997 525 3047; x_wconf 84' lang='lat' dir='ltr'><strong>etiam</strong></span> <span class='ocrx_word' id='word_1_265' title='bbox 555 2996 597 3047; x_wconf 88' lang='lat' dir='ltr'><strong>sic</strong></span> <span class='ocrx_word' id='word_1_266' title='bbox 622 2991 661 3048; x_wconf 75' lang='grc' dir='ltr'><strong>ου’</strong></span> <span class='ocrx_word' id='word_1_267' title='bbox 696 2998 759 3052; x_wconf 63' lang='lat' dir='ltr'><strong>este</strong></span> <span class='ocrx_word' id='word_1_268' title='bbox 777 3007 840 3042; x_wconf 90' lang='lat' dir='ltr'><strong>nam</strong></span> <span class='ocrx_word' id='word_1_269' title='bbox 856 2991 1052 3057; x_wconf 86' lang='lat' dir='ltr'><strong>intervallum,</strong></span> <span class='ocrx_word' id='word_1_270' title='bbox 1071 2992 1145 3058; x_wconf 90' lang='lat' dir='ltr'><strong>quod</strong></span> <span class='ocrx_word' id='word_1_271' title='bbox 1163 2995 1240 3045; x_wconf 87' lang='lat' dir='ltr'><strong>inter</strong></span> 
     </span>
     <span class='ocr_line' id='line_1_29' title="bbox 120 3059 1239 3133; baseline -0.004 -17"><span class='ocrx_word' id='word_1_272' title='bbox 120 3065 206 3116; x_wconf 88' lang='lat' dir='ltr'><strong>nimie</strong></span> <span class='ocrx_word' id='word_1_273' title='bbox 237 3079 357 3133; x_wconf 83' lang='lat' dir='ltr'><strong>magnus</strong></span> <span class='ocrx_word' id='word_1_274' title='bbox 391 3064 504 3118; x_wconf 83' lang='lat' dir='ltr'><strong>videtur</strong></span> <span class='ocrx_word' id='word_1_275' title='bbox 529 3079 662 3116; x_wconf 84' lang='lat' dir='ltr'><strong>uumerus</strong></span> <span class='ocrx_word' id='word_1_276' title='bbox 697 3059 799 3113; x_wconf 87' lang='lat' dir='ltr'><strong>Delum</strong></span> <span class='ocrx_word' id='word_1_277' title='bbox 810 3059 1065 3128; x_wconf 84' lang='lat' dir='ltr'><strong>Parunqueurbem</strong></span> <span class='ocrx_word' id='word_1_278' title='bbox 1079 3063 1239 3125; x_wconf 87' lang='lat' dir='ltr'><strong>intercedit,</strong></span> 
     </span>
     <span class='ocr_line' id='line_1_30' title="bbox 121 3130 1240 3198; baseline -0.004 -12"><span class='ocrx_word' id='word_1_279' title='bbox 121 3148 192 3187; x_wconf 80' lang='lat' dir='ltr'><strong>eme.</strong></span> <span class='ocrx_word' id='word_1_280' title='bbox 697 3130 782 3198; x_wconf 89' lang='lat' dir='ltr'><strong>paulu</strong></span> <span class='ocrx_word' id='word_1_281' title='bbox 801 3130 891 3180; x_wconf 81' lang='lat' dir='ltr'><strong>maius</strong></span> <span class='ocrx_word' id='word_1_282' title='bbox 910 3135 952 3180; x_wconf 86' lang='lat' dir='ltr'><strong>est</strong></span> <span class='ocrx_word' id='word_1_283' title='bbox 968 3143 1051 3196; x_wconf 86' lang='lat' dir='ltr'><strong>quarn</strong></span> <span class='ocrx_word' id='word_1_284' title='bbox 1070 3130 1144 3196; x_wconf 88' lang='lat' dir='ltr'><strong>qnod</strong></span> <span class='ocrx_word' id='word_1_285' title='bbox 1164 3133 1240 3182; x_wconf 88' lang='lat' dir='ltr'><strong>inter·</strong></span> 
     </span>
     <span class='ocr_line' id='line_1_31' title="bbox 154 3195 1239 3267; baseline -0.004 -14"><span class='ocrx_word' id='word_1_286' title='bbox 154 3200 182 3266; x_wconf 78' lang='grc' dir='ltr'><strong>λ)</strong></span> <span class='ocrx_word' id='word_1_287' title='bbox 202 3202 285 3252; x_wconf 82' lang='lat' dir='ltr'><strong>Certe</strong></span> <span class='ocrx_word' id='word_1_288' title='bbox 303 3195 348 3267; x_wconf 67' lang='grc' dir='ltr'><strong>φοί</strong></span> <span class='ocrx_word' id='word_1_289' title='bbox 366 3200 453 3251; x_wconf 82' lang='lat' dir='ltr'><strong>scribi</strong></span> <span class='ocrx_word' id='word_1_290' title='bbox 477 3199 569 3254; x_wconf 89' lang='lat' dir='ltr'><strong>debet.</strong></span> <span class='ocrx_word' id='word_1_291' title='bbox 698 3199 801 3250; x_wconf 88' lang='lat' dir='ltr'><strong>Delum</strong></span> <span class='ocrx_word' id='word_1_292' title='bbox 819 3198 987 3264; x_wconf 75' lang='lat' dir='ltr'><strong>Nariumque</strong></span> <span class='ocrx_word' id='word_1_293' title='bbox 1007 3197 1113 3250; x_wconf 88' lang='lat' dir='ltr'><strong>urbem.</strong></span> <span class='ocrx_word' id='word_1_294' title='bbox 1151 3199 1239 3250; x_wconf 87' lang='lat' dir='ltr'><strong>Paros</strong></span> 
     </span>
     <span class='ocr_line' id='line_1_32' title="bbox 156 3265 1239 3336; baseline -0.008 -13"><span class='ocrx_word' id='word_1_295' title='bbox 156 3271 183 3332; x_wconf 78' lang='grc'><strong>3)</strong></span> <span class='ocrx_word' id='word_1_296' title='bbox 203 3267 292 3336; x_wconf 83' lang='lat' dir='ltr'><strong>Supra</strong></span> <span class='ocrx_word' id='word_1_297' title='bbox 305 3287 322 3322; x_wconf 91' lang='lat' dir='ltr'><strong>a</strong></span> <span class='ocrx_word' id='word_1_298' title='bbox 335 3269 398 3336; x_wconf 88' lang='lat' dir='ltr'><strong>ripa</strong></span> <span class='ocrx_word' id='word_1_299' title='bbox 412 3270 567 3333; x_wconf 77' lang='lat' dir='ltr'><strong>Amazonii,</strong></span> <span class='ocrx_word' id='word_1_300' title='bbox 587 3266 663 3336; x_wconf 88' lang='lat' dir='ltr'><strong>quod</strong></span> <span class='ocrx_word' id='word_1_301' title='bbox 699 3267 808 3326; x_wconf 74' lang='lat' dir='ltr'><strong>ceteris</strong></span> <span class='ocrx_word' id='word_1_302' title='bbox 827 3266 956 3316; x_wconf 89' lang='lat' dir='ltr'><strong>omnibus</strong></span> <span class='ocrx_word' id='word_1_303' title='bbox 983 3265 1083 3315; x_wconf 88' lang='lat' dir='ltr'><strong>insulis</strong></span> <span class='ocrx_word' id='word_1_304' title='bbox 1108 3269 1239 3332; x_wconf 80' lang='lat' dir='ltr'><strong>portibus</strong></span> 
     </span>
     <span class='ocr_line' id='line_1_33' title="bbox 121 3330 1239 3401; baseline -0.004 -10"><span class='ocrx_word' id='word_1_305' title='bbox 121 3345 151 3392; x_wconf 89' lang='lat' dir='ltr'><strong>in</strong></span> <span class='ocrx_word' id='word_1_306' title='bbox 172 3336 290 3390; x_wconf 83' lang='lat' dir='ltr'><strong>Puthmu</strong></span> <span class='ocrx_word' id='word_1_307' title='bbox 308 3345 367 3399; x_wconf 83' lang='lat' dir='ltr'><strong>est,</strong></span> <span class='ocrx_word' id='word_1_308' title='bbox 388 3336 424 3389; x_wconf 83' lang='lat' dir='ltr'><strong>ed</strong></span> <span class='ocrx_word' id='word_1_309' title='bbox 443 3339 545 3391; x_wconf 85' lang='lat' dir='ltr'><strong>Delum</strong></span> <span class='ocrx_word' id='word_1_310' title='bbox 566 3338 663 3390; x_wconf 78' lang='lat' dir='ltr'>Dcch</span> <span class='ocrx_word' id='word_1_311' title='bbox 698 3333 825 3400; x_wconf 69' lang='lat' dir='ltr'><strong>excellit„</strong></span> <span class='ocrx_word' id='word_1_312' title='bbox 841 3347 958 3401; x_wconf 87' lang='lat' dir='ltr'><strong>quornm</strong></span> <span class='ocrx_word' id='word_1_313' title='bbox 972 3335 1025 3382; x_wconf 86' lang='lat' dir='ltr'><strong>tris</strong></span> <span class='ocrx_word' id='word_1_314' title='bbox 1040 3330 1134 3393; x_wconf 84' lang='lat' dir='ltr'><strong>habet,</strong></span> <span class='ocrx_word' id='word_1_315' title='bbox 1154 3351 1239 3386; x_wconf 88' lang='lat' dir='ltr'><strong>unum</strong></span> 
     </span>
     <span class='ocr_line' id='line_1_34' title="bbox 123 3400 1238 3470; baseline -0.004 -10"><span class='ocrx_word' id='word_1_316' title='bbox 123 3407 219 3460; x_wconf 82' lang='lat' dir='ltr'><strong>stadia</strong></span> <span class='ocrx_word' id='word_1_317' title='bbox 237 3421 297 3458; x_wconf 80' lang='lat' dir='ltr'><strong>esse</strong></span> <span class='ocrx_word' id='word_1_318' title='bbox 317 3406 492 3460; x_wconf 82' lang='lat' dir='ltr'><strong>dicebantur.</strong></span> <span class='ocrx_word' id='word_1_319' title='bbox 700 3401 774 3470; x_wconf 80' lang='lat' dir='ltr'><strong>apud</strong></span> <span class='ocrx_word' id='word_1_320' title='bbox 790 3400 883 3452; x_wconf 87' lang='lat' dir='ltr'><strong>Paron</strong></span> <span class='ocrx_word' id='word_1_321' title='bbox 894 3406 977 3466; x_wconf 89' lang='lat' dir='ltr'><strong>(nunu</strong></span> <span class='ocrx_word' id='word_1_322' title='bbox 991 3401 1200 3456; x_wconf 82' lang='lat' dir='ltr'><strong>Pareeehia</strong></span> <span class='ocrx_word' id='word_1_323' title='bbox 1217 3420 1238 3455; x_wconf 84' lang='lat' dir='ltr'><strong>s.</strong></span> 
     </span>
     <span class='ocr_line' id='line_1_35' title="bbox 157 3467 1239 3542; baseline -0.004 -15"><span class='ocrx_word' id='word_1_324' title='bbox 157 3478 186 3538; x_wconf 83' lang='grc'><strong>4)</strong></span> <span class='ocrx_word' id='word_1_325' title='bbox 205 3476 294 3526; x_wconf 86' lang='lat' dir='ltr'><strong>Deest</strong></span> <span class='ocrx_word' id='word_1_326' title='bbox 312 3475 359 3538; x_wconf 81' lang='grc' dir='ltr'><strong>εἰς.</strong></span> <span class='ocrx_word' id='word_1_327' title='bbox 390 3475 480 3542; x_wconf 77' lang='lat' dir='ltr'><strong>Supra</strong></span> <span class='ocrx_word' id='word_1_328' title='bbox 498 3472 586 3526; x_wconf 87' lang='lat' dir='ltr'><strong>verbo</strong></span> <span class='ocrx_word' id='word_1_329' title='bbox 604 3467 664 3526; x_wconf 77' lang='lat' dir='ltr'><strong>und·</strong></span> <span class='ocrx_word' id='word_1_330' title='bbox 699 3469 849 3536; x_wconf 76' lang='lat' dir='ltr'><strong>Paullia)</strong></span> <span class='ocrx_word' id='word_1_331' title='bbox 884 3471 991 3537; x_wconf 86' lang='lat' dir='ltr'><strong>ipsam,</strong></span> <span class='ocrx_word' id='word_1_332' title='bbox 1015 3469 1136 3520; x_wconf 83' lang='lat' dir='ltr'><strong>alterum</strong></span> <span class='ocrx_word' id='word_1_333' title='bbox 1166 3473 1239 3540; x_wconf 85' lang='lat' dir='ltr'><strong>apud</strong></span> 
     </span>
     <span class='ocr_line' id='line_1_36' title="bbox 124 3537 1241 3608; baseline -0.007 -8"><span class='ocrx_word' id='word_1_334' title='bbox 124 3547 205 3600; x_wconf 79' lang='grc' dir='ltr'><strong><em>πελοι</em></strong></span> <span class='ocrx_word' id='word_1_335' title='bbox 223 3544 327 3596; x_wconf 84' lang='lat' dir='ltr'><strong>omisso</strong></span> <span class='ocrx_word' id='word_1_336' title='bbox 345 3541 512 3598; x_wconf 75' lang='grc' dir='ltr'><strong><em>Μελάνθιοι</em></strong></span> <span class='ocrx_word' id='word_1_337' title='bbox 529 3543 664 3608; x_wconf 87' lang='lat' dir='ltr'><strong>seriptum</strong></span> <span class='ocrx_word' id='word_1_338' title='bbox 699 3540 880 3592; x_wconf 83' lang='lat' dir='ltr'><strong>Neussam</strong></span> <span class='ocrx_word' id='word_1_339' title='bbox 899 3541 987 3603; x_wconf 83' lang='lat' dir='ltr'><strong>(nova</strong></span> <span class='ocrx_word' id='word_1_340' title='bbox 1005 3537 1072 3588; x_wconf 86' lang='lat' dir='ltr'><strong>urbs</strong></span> <span class='ocrx_word' id='word_1_341' title='bbox 1091 3541 1145 3602; x_wconf 85' lang='lat' dir='ltr'><strong>est)</strong></span> <span class='ocrx_word' id='word_1_342' title='bbox 1165 3557 1180 3592; x_wconf 90' lang='lat' dir='ltr'><strong>a</strong></span> <span class='ocrx_word' id='word_1_343' title='bbox 1199 3557 1241 3592; x_wconf 88' lang='lat' dir='ltr'><strong>se·</strong></span> 
     </span>
     <span class='ocr_line' id='line_1_37' title="bbox 124 3605 1240 3677; baseline -0.005 -10"><span class='ocrx_word' id='word_1_344' title='bbox 124 3619 204 3674; x_wconf 81' lang='lat' dir='ltr'><strong>erat3</strong></span> <span class='ocrx_word' id='word_1_345' title='bbox 224 3610 356 3664; x_wconf 83' lang='lat' dir='ltr'><strong>hocloco</strong></span> <span class='ocrx_word' id='word_1_346' title='bbox 377 3613 504 3665; x_wconf 84' lang='lat' dir='ltr'><strong>additum</strong></span> <span class='ocrx_word' id='word_1_347' title='bbox 533 3607 666 3671; x_wconf 80' lang='grc' dir='ltr'><strong><em>σκόπελος</em></strong></span> <span class='ocrx_word' id='word_1_348' title='bbox 701 3608 879 3677; x_wconf 87' lang='lat' dir='ltr'><strong>ptentrione,</strong></span> <span class='ocrx_word' id='word_1_349' title='bbox 915 3609 1045 3669; x_wconf 85' lang='lat' dir='ltr'><strong>tertium,</strong></span> <span class='ocrx_word' id='word_1_350' title='bbox 1076 3605 1240 3661; x_wconf 81' lang='lat' dir='ltr'><strong>Sanctae</strong></span> 
     </span>
     <span class='ocr_line' id='line_1_38' title="bbox 125 3675 1240 3750; baseline -0.006 -15"><span class='ocrx_word' id='word_1_351' title='bbox 125 3691 177 3745; x_wconf 86' lang='lat' dir='ltr'><strong>est,</strong></span> <span class='ocrx_word' id='word_1_352' title='bbox 194 3682 242 3734; x_wconf 76' lang='lat' dir='ltr'><strong>sed</strong></span> <span class='ocrx_word' id='word_1_353' title='bbox 258 3697 372 3734; x_wconf 90' lang='lat' dir='ltr'><strong>numeru</strong></span> <span class='ocrx_word' id='word_1_354' title='bbox 384 3682 532 3750; x_wconf 84' lang='lat' dir='ltr'><strong>singulari,</strong></span> <span class='ocrx_word' id='word_1_355' title='bbox 548 3681 596 3747; x_wconf 93' lang='lat' dir='ltr'><strong>qui</strong></span> <span class='ocrx_word' id='word_1_356' title='bbox 609 3677 665 3729; x_wconf 85' lang='lat' dir='ltr'><strong>for·</strong></span> <span class='ocrx_word' id='word_1_357' title='bbox 687 3677 756 3730; x_wconf 73' lang='lat' dir='ltr'><strong>&#39;Ma</strong></span> <span class='ocrx_word' id='word_1_358' title='bbox 766 3693 780 3728; x_wconf 94' lang='lat' dir='ltr'><strong>r</strong></span> <span class='ocrx_word' id='word_1_359' title='bbox 790 3678 797 3727; x_wconf 90' lang='lat' dir='ltr'><strong>i</strong></span> <span class='ocrx_word' id='word_1_360' title='bbox 808 3692 847 3730; x_wconf 85' lang='lat' dir='ltr'><strong>ae</strong></span> <span class='ocrx_word' id='word_1_361' title='bbox 873 3676 933 3727; x_wconf 84' lang='lat' dir='ltr'><strong>sive</strong></span> <span class='ocrx_word' id='word_1_362' title='bbox 958 3675 987 3726; x_wconf 82' lang='lat' dir='ltr'>M</span> <span class='ocrx_word' id='word_1_363' title='bbox 1004 3690 1087 3728; x_wconf 86' lang='lat' dir='ltr'><strong>arm</strong></span> <span class='ocrx_word' id='word_1_364' title='bbox 1102 3689 1119 3726; x_wconf 92' lang='lat' dir='ltr'><strong>o</strong></span> <span class='ocrx_word' id='word_1_365' title='bbox 1134 3691 1149 3726; x_wconf 94' lang='lat' dir='ltr'><strong>r</strong></span> <span class='ocrx_word' id='word_1_366' title='bbox 1164 3694 1181 3729; x_wconf 88' lang='lat' dir='ltr'><strong>a</strong></span> <span class='ocrx_word' id='word_1_367' title='bbox 1200 3677 1240 3728; x_wconf 92' lang='lat' dir='ltr'><strong>di-</strong></span> 
     </span>
     <span class='ocr_line' id='line_1_39' title="bbox 125 3746 1240 3819; baseline -0.008 -16"><span class='ocrx_word' id='word_1_368' title='bbox 125 3761 201 3803; x_wconf 86' lang='lat' dir='ltr'><strong>tasse</strong></span> <span class='ocrx_word' id='word_1_369' title='bbox 222 3752 408 3819; x_wconf 82' lang='lat' dir='ltr'><strong>corrigendus</strong></span> <span class='ocrx_word' id='word_1_370' title='bbox 442 3757 502 3812; x_wconf 90' lang='lat' dir='ltr'><strong>est,</strong></span> <span class='ocrx_word' id='word_1_371' title='bbox 532 3765 594 3800; x_wconf 81' lang='lat' dir='ltr'><strong>curn</strong></span> <span class='ocrx_word' id='word_1_372' title='bbox 619 3749 667 3799; x_wconf 84' lang='lat' dir='ltr'><strong>vix</strong></span> <span class='ocrx_word' id='word_1_373' title='bbox 702 3753 794 3808; x_wconf 84' lang='lat' dir='ltr'><strong>etum,</strong></span> <span class='ocrx_word' id='word_1_374' title='bbox 830 3746 1009 3809; x_wconf 72' lang='lat' dir='ltr'><strong>emoriente,</strong></span> <span class='ocrx_word' id='word_1_375' title='bbox 1035 3751 1240 3816; x_wconf 79' lang='lat' dir='ltr'><strong>praetereaque</strong></span> 
     </span>
     <span class='ocr_line' id='line_1_40' title="bbox 124 3813 1240 3888; baseline -0.005 -16"><span class='ocrx_word' id='word_1_376' title='bbox 124 3826 279 3888; x_wconf 86' lang='lat' dir='ltr'><strong>propterea</strong></span> <span class='ocrx_word' id='word_1_377' title='bbox 303 3821 413 3888; x_wconf 89' lang='lat' dir='ltr'><strong>positus</strong></span> <span class='ocrx_word' id='word_1_378' title='bbox 444 3827 503 3880; x_wconf 88' lang='lat' dir='ltr'><strong>est,</strong></span> <span class='ocrx_word' id='word_1_379' title='bbox 536 3819 604 3886; x_wconf 87' lang='lat' dir='ltr'><strong>quia</strong></span> <span class='ocrx_word' id='word_1_380' title='bbox 629 3815 666 3868; x_wconf 89' lang='lat' dir='ltr'><strong>ad</strong></span> <span class='ocrx_word' id='word_1_381' title='bbox 700 3815 809 3878; x_wconf 87' lang='lat' dir='ltr'><strong>salum,</strong></span> <span class='ocrx_word' id='word_1_382' title='bbox 844 3814 938 3864; x_wconf 89' lang='lat' dir='ltr'><strong>Driu</strong></span> <span class='ocrx_word' id='word_1_383' title='bbox 975 3813 1165 3880; x_wconf 84' lang='lat' dir='ltr'><strong>appellatum,</strong></span> <span class='ocrx_word' id='word_1_384' title='bbox 1205 3814 1240 3866; x_wconf 87' lang='lat' dir='ltr'><strong>ad</strong></span> 
     </span>
     <span class='ocr_line' id='line_1_41' title="bbox 125 3881 1241 3956; baseline -0.004 -16"><span class='ocrx_word' id='word_1_385' title='bbox 125 3890 295 3941; x_wconf 88' lang='lat' dir='ltr'><strong>alterutrum</strong></span> <span class='ocrx_word' id='word_1_386' title='bbox 313 3887 404 3940; x_wconf 82' lang='lat' dir='ltr'><strong>solum</strong></span> <span class='ocrx_word' id='word_1_387' title='bbox 423 3887 528 3956; x_wconf 83' lang='lat' dir='ltr'><strong>appelli</strong></span> <span class='ocrx_word' id='word_1_388' title='bbox 546 3885 648 3954; x_wconf 82' lang='lat' dir='ltr'><strong>potuit.</strong></span> <span class='ocrx_word' id='word_1_389' title='bbox 689 3885 839 3936; x_wconf 54' lang='lat' dir='ltr'><strong>⁴orientum</strong></span> <span class='ocrx_word' id='word_1_390' title='bbox 870 3888 899 3934; x_wconf 91' lang='lat' dir='ltr'><strong>et</strong></span> <span class='ocrx_word' id='word_1_391' title='bbox 932 3881 968 3932; x_wconf 84' lang='lat' dir='ltr'><strong>ad</strong></span> <span class='ocrx_word' id='word_1_392' title='bbox 1002 3882 1147 3934; x_wconf 86' lang='lat' dir='ltr'><strong>meridiem</strong></span> <span class='ocrx_word' id='word_1_393' title='bbox 1181 3897 1241 3952; x_wconf 88' lang='lat' dir='ltr'><strong>spe·</strong></span> 
     </span>
     <span class='ocr_line' id='line_1_42' title="bbox 160 3952 1241 4020; baseline -0.004 -11"><span class='ocrx_word' id='word_1_394' title='bbox 160 3958 187 4020; x_wconf 78' lang='lat'><strong>5)</strong></span> <span class='ocrx_word' id='word_1_395' title='bbox 212 3957 299 4010; x_wconf 83' lang='lat' dir='ltr'><strong>Cuius</strong></span> <span class='ocrx_word' id='word_1_396' title='bbox 331 3957 441 4008; x_wconf 87' lang='lat' dir='ltr'><strong>insulae</strong></span> <span class='ocrx_word' id='word_1_397' title='bbox 482 3955 536 4007; x_wconf 87' lang='grc' dir='ltr'><strong><em>Ιιοο</em></strong></span> <span class='ocrx_word' id='word_1_398' title='bbox 568 3968 665 4006; x_wconf 85' lang='lat' dir='ltr'><strong>corru-</strong></span> <span class='ocrx_word' id='word_1_399' title='bbox 701 3960 796 4014; x_wconf 78' lang='lat' dir='ltr'><strong>ulans,</strong></span> <span class='ocrx_word' id='word_1_400' title='bbox 815 3967 848 4002; x_wconf 88' lang='lat' dir='ltr'><strong>ca</strong></span> <span class='ocrx_word' id='word_1_401' title='bbox 869 3966 903 4001; x_wconf 84' lang='lat' dir='ltr'><strong>ax</strong></span> <span class='ocrx_word' id='word_1_402' title='bbox 922 3952 1059 4002; x_wconf 84' lang='lat' dir='ltr'><strong>maximae</strong></span> <span class='ocrx_word' id='word_1_403' title='bbox 1074 3952 1172 4005; x_wconf 85' lang='lat' dir='ltr'><strong>elassis</strong></span> <span class='ocrx_word' id='word_1_404' title='bbox 1190 3958 1241 4006; x_wconf 88' lang='lat' dir='ltr'><strong>est.</strong></span> 
     </span>
     <span class='ocr_line' id='line_1_43' title="bbox 126 4017 1242 4095; baseline -0.004 -17"><span class='ocrx_word' id='word_1_405' title='bbox 126 4031 204 4095; x_wconf 87' lang='lat' dir='ltr'><strong>ptum</strong></span> <span class='ocrx_word' id='word_1_406' title='bbox 224 4040 324 4079; x_wconf 86' lang='lat' dir='ltr'><strong>nomen</strong></span> <span class='ocrx_word' id='word_1_407' title='bbox 343 4032 434 4088; x_wconf 87' lang='lat' dir='ltr'><strong>esset,</strong></span> <span class='ocrx_word' id='word_1_408' title='bbox 451 4039 507 4077; x_wconf 86' lang='lat' dir='ltr'><strong>non</strong></span> <span class='ocrx_word' id='word_1_409' title='bbox 522 4025 665 4092; x_wconf 90' lang='lat' dir='ltr'><strong>potuimus</strong></span> <span class='ocrx_word' id='word_1_410' title='bbox 701 4021 816 4074; x_wconf 81' lang='lat' dir='ltr'><strong>ciratur</strong></span> <span class='ocrx_word' id='word_1_411' title='bbox 879 4017 1145 4088; x_wconf 79' lang='lat' dir='ltr'><strong>enkwurdigkeiten</strong></span> <span class='ocrx_word' id='word_1_412' title='bbox 1184 4021 1242 4076; x_wconf 91' lang='lat' dir='ltr'><strong>und</strong></span> 
     </span>
     <span class='ocr_line' id='line_1_44' title="bbox 126 4089 1280 4164; baseline -0.003 -18"><span class='ocrx_word' id='word_1_413' title='bbox 126 4095 270 4164; x_wconf 80' lang='lat' dir='ltr'><strong>augurari.</strong></span> <span class='ocrx_word' id='word_1_414' title='bbox 701 4091 857 4143; x_wconf 83' lang='lat' dir='ltr'><strong>Erinnerun</strong></span> <span class='ocrx_word' id='word_1_415' title='bbox 881 4104 915 4138; x_wconf 90' lang='lat' dir='ltr'><strong>en</strong></span> <span class='ocrx_word' id='word_1_416' title='bbox 950 4103 1002 4139; x_wconf 86' lang='lat' dir='ltr'><strong>aus</strong></span> <span class='ocrx_word' id='word_1_417' title='bbox 1034 4089 1097 4141; x_wconf 88' lang='lat' dir='ltr'><strong>dem</strong></span> <span class='ocrx_word' id='word_1_418' title='bbox 1132 4091 1243 4154; x_wconf 87' lang='lat' dir='ltr'><strong>Orient,</strong></span> <span class='ocrx_word' id='word_1_419' title='bbox 1276 4141 1280 4150; x_wconf 85' lang='grc'><strong>,</strong></span> 
     </span>
     <span class='ocr_line' id='line_1_45' title="bbox 160 4153 1243 4226; baseline -0.006 -8"><span class='ocrx_word' id='word_1_420' title='bbox 160 4165 188 4226; x_wconf 84' lang='lat'><strong>6)</strong></span> <span class='ocrx_word' id='word_1_421' title='bbox 206 4163 338 4216; x_wconf 82' lang='lat' dir='ltr'><strong>Summus</strong></span> <span class='ocrx_word' id='word_1_422' title='bbox 367 4176 498 4214; x_wconf 88' lang='lat' dir='ltr'><strong>numerus</strong></span> <span class='ocrx_word' id='word_1_423' title='bbox 530 4153 557 4211; x_wconf 79' lang='grc' dir='ltr'><strong>ν’</strong></span> <span class='ocrx_word' id='word_1_424' title='bbox 581 4161 666 4218; x_wconf 76' lang='lat' dir='ltr'><strong>esset,</strong></span> <span class='ocrx_word' id='word_1_425' title='bbox 701 4175 755 4210; x_wconf 85' lang='lat' dir='ltr'><strong>von</strong></span> <span class='ocrx_word' id='word_1_426' title='bbox 788 4157 864 4208; x_wconf 81' lang='lat' dir='ltr'><strong>Pro‘</strong></span> <span class='ocrx_word' id='word_1_427' title='bbox 896 4154 982 4207; x_wconf 84' lang='lat' dir='ltr'><strong>esch</strong></span> <span class='ocrx_word' id='word_1_428' title='bbox 1014 4157 1137 4214; x_wconf 82' lang='lat' dir='ltr'><strong>Ritter</strong></span> <span class='ocrx_word' id='word_1_429' title='bbox 1175 4175 1243 4211; x_wconf 81' lang='lat' dir='ltr'><strong>uon</strong></span> 
     </span>
     <span class='ocr_line' id='line_1_46' title="bbox 127 4223 1068 4302; baseline -0.004 -18"><span class='ocrx_word' id='word_1_430' title='bbox 127 4235 151 4285; x_wconf 88' lang='lat' dir='ltr'><strong>si</strong></span> <span class='ocrx_word' id='word_1_431' title='bbox 178 4234 242 4302; x_wconf 91' lang='lat' dir='ltr'><strong>quis</strong></span> <span class='ocrx_word' id='word_1_432' title='bbox 266 4234 308 4284; x_wconf 80' lang='lat' dir='ltr'><strong>ita</strong></span> <span class='ocrx_word' id='word_1_433' title='bbox 331 4232 457 4284; x_wconf 85' lang='lat' dir='ltr'><strong>seribere</strong></span> <span class='ocrx_word' id='word_1_434' title='bbox 482 4227 577 4281; x_wconf 82' lang='lat' dir='ltr'><strong>vellet.</strong></span> <span class='ocrx_word' id='word_1_435' title='bbox 612 4228 665 4278; x_wconf 77' lang='lat' dir='ltr'><strong>An·</strong></span> <span class='ocrx_word' id='word_1_436' title='bbox 700 4231 829 4289; x_wconf 84' lang='lat' dir='ltr'><strong>Oeten,</strong></span> <span class='ocrx_word' id='word_1_437' title='bbox 847 4223 900 4276; x_wconf 89' lang='lat' dir='ltr'><strong>Th.</strong></span> <span class='ocrx_word' id='word_1_438' title='bbox 922 4224 958 4276; x_wconf 92' lang='lat' dir='ltr'><strong>ll.</strong></span> <span class='ocrx_word' id='word_1_439' title='bbox 978 4223 1006 4278; x_wconf 87' lang='lat' dir='ltr'><strong>S.</strong></span> <span class='ocrx_word' id='word_1_440' title='bbox 1026 4227 1068 4280; x_wconf 88' lang='grc'><strong>00.</strong></span> 
     </span>
     <span class='ocr_line' id='line_1_47' title="bbox 127 4292 1242 4365; baseline -0.007 -10"><span class='ocrx_word' id='word_1_441' title='bbox 127 4302 278 4358; x_wconf 85' lang='lat' dir='ltr'><strong>drosurbs</strong></span> <span class='ocrx_word' id='word_1_442' title='bbox 296 4301 325 4352; x_wconf 89' lang='lat' dir='ltr'><strong>iu</strong></span> <span class='ocrx_word' id='word_1_443' title='bbox 344 4301 427 4356; x_wconf 86' lang='lat' dir='ltr'><strong>litore</strong></span> <span class='ocrx_word' id='word_1_444' title='bbox 445 4295 572 4360; x_wconf 78' lang='lat' dir='ltr'><strong>insulae,</strong></span> <span class='ocrx_word' id='word_1_445' title='bbox 591 4293 664 4364; x_wconf 94' lang='lat' dir='ltr'><strong>quod</strong></span> <span class='ocrx_word' id='word_1_446' title='bbox 732 4297 761 4359; x_wconf 81' lang='grc'><strong>8)</strong></span> <span class='ocrx_word' id='word_1_447' title='bbox 781 4295 850 4358; x_wconf 78' lang='lat' dir='ltr'><strong>Quis</strong></span> <span class='ocrx_word' id='word_1_448' title='bbox 877 4292 988 4345; x_wconf 86' lang='lat' dir='ltr'><strong>taudem</strong></span> <span class='ocrx_word' id='word_1_449' title='bbox 1017 4292 1063 4345; x_wconf 86' lang='lat' dir='ltr'><strong>hio</strong></span> <span class='ocrx_word' id='word_1_450' title='bbox 1091 4309 1242 4365; x_wconf 80' lang='lat' dir='ltr'><strong>panormus</strong></span> 
     </span>
    </p>
   </div>
   <div class='ocr_carea' id='block_1_10' title="bbox 0 0 1460 4814">
    <p class='ocr_par' dir='ltr' id='par_1_11' title="bbox 0 0 1460 4814">
     <span class='ocr_line' id='line_1_48' title="bbox 0 0 1460 4814; baseline 0 0"><span class='ocrx_word' id='word_1_451' title='bbox 0 0 1460 4814; x_wconf 95' lang='lat' dir='ltr'><strong> </strong></span> 
     </span>
    </p>
   </div>
  </div>
 </body>
</html>
