2872 4814
227 380 290 443 eoa
438 375 728 435 ΣΤΛΛΙΑΣΜΟΣ
753 373 862 432 error
881 338 1139 433 narrandas

227 559 421 645 ἀκρωτήριόν
444 561 523 623 ἔστιν
545 556 655 638 οίνὲχον
682 553 760 638 πρὸς
782 557 996 638 Μεσημβρίαν·
1028 554 1119 636 λιμήν
1140 556 1219 619 ἔστι·
1247 555 1338 620 καλὸν

227 663 311 745 ὕδωρ
335 663 402 742 ἔχει.
436 657 509 723 itud
533 656 691 738 Σονλήνας
712 657 755 730 είς
782 655 919 737 ΨνχίανΒ
943 658 1025 720 σταδ.
1049 654 1096 739 cli!
1120 650 1194 718 Ἀπὸ
1223 657 1337 736 Ψνχίας

226 762 277 827 ἐπί
299 758 353 825 τὸν
364 757 518 840 Λάμωνα8
536 758 616 820 cred.
639 754 692 838 ον’.
715 753 807 836 λιμήν
828 749 904 820 ἐντι·
927 756 979 819 eol
999 753 1090 820 πόλιν
1111 757 1170 836 ἔχει
1193 755 1225 818 δὲ
1246 756 1336 839 ddap.

224 857 298 924 Ἀπὸ
329 860 362 923 δὲ
392 856 595 938 Πύδνηςίένί
626 850 680 918 τὸν
709 855 810 936 Ψνχέα
838 858 918 919 arod.
941 854 993 918 τν’.
1026 852 1118 937 λιμὴν
1143 853 1269 938 θερινὸς
1287 858 1336 919 ναί

225 959 310 1042 ὕδωρ
342 960 410 1040 ἔχει.
463 952 537 1020 'And
574 955 700 1034 Ψνχίων
735 955 786 1018 ἐπὶ
817 953 1150 1020 Ἀπολλωνιάδαῦσταδ.
1181 954 1215 1018 λ’
1264 954 1334 1020 ’elad

226 1060 426 1135 Ἀπολλωνίας
452 1055 533 1140 (leg.
561 1052 815 1140 Ἀπολλωνιοίὸος)
844 1056 889 1130 τίς
918 1056 1158 1118 Φοίνικαθσταδ.
1190 1055 1224 1139 p!
1253 1056 1337 1131 πόλις

224 1160 326 1228 ἐστίν’,
340 1161 399 1240 ἔχει
422 1157 524 1240 λιμένα
545 1155 595 1220 καὶ
616 1160 721 1238 νῆσον.
749 1150 820 1218 ’Arm
843 1155 1010 1230 Κλαυδίας7
1037 1156 1080 1230 είς
1104 1156 1334 1220 detornatae.

218 1343 460 1400 Promontorium
489 1351 534 1398 est
554 1341 589 1396 ad
609 1338 761 1396 meridiem
789 1302 974 1420 prominens:
1003 1339 1032 1396 id
1059 1351 1175 1416 portum
1199 1341 1285 1397 habet
1303 1353 1333 1398 et

223 1421 524 1551 ‘'ltlidlztin
547 1413 923 1548 ·l⁵0⁸¹¹¹l²0il¹itl⁰ll⁰l
951 1415 1046 1548 llll
1064 1416 1334 1550 linbilll

222 1515 264 1627 db
284 1569 466 1644 Hierapytna
486 1578 584 1624 autem
606 1532 645 1622 ad
672 1563 819 1641 Psychion
848 1511 1032 1624 stadigp350.
1054 1560 1181 1625 ¹Portus
1209 1511 1334 1624 aedtivus

222 1657 267 1702 est
293 1659 322 1701 et
348 1664 450 1720 aquam
470 1645 564 1699 habet.
604 1645 629 1698 Α
655 1639 781 1716 Psyclrio
808 1639 845 1696 ad
870 1642 1053 1715 Apolloniam
1078 1644 1172 1700 stedia
1200 1645 1246 1700 50.
1291 1644 1333 1700 nb

131 1720 140 1738 ⁸
220 1723 377 1796 Apollonia
400 1723 435 1777 ed
458 1720 632 1776 Phoenicem
654 1716 749 1771 stadia
772 1718 831 1771 ibo.
873 1715 949 1772 Urbs
969 1730 1024 1774 est.
1054 1718 1097 1775 Ea
1126 1719 1214 1775 habet
1234 1737 1334 1793 aquam

221 1808 251 1853 ct
270 1800 404 1853 insulam.
444 1793 618 1852 AClaudia
637 1791 675 1848 ad
695 1790 871 1848 Phoenicem
891 1793 985 1849 stadia
1003 1797 1070 1852 300.
1110 1795 1209 1852 Habet
1235 1793 1340 1851 urbem'
1379 1842 1383 1860 ,

219 1990 266 2041 lae
293 1995 373 2040 sunt:
404 1984 535 2040 Μέταιον
564 1992 591 2036 et
618 1979 761 2036 Μοίταιον.
795 1991 1029 2037 commemoratur
1053 1986 1089 2038 ab
1112 1989 1172 2039 ullo
1194 1989 1254 2041 alio
1271 1989 1335 2040 seri·

219 2061 288 2108 Cum
306 2071 374 2109 vero
393 2057 469 2123 apud
486 2056 680 2107 Ptolemaeum
691 2053 761 2102 Mo·
797 2058 887 2118 ptore.
916 2053 1067 2121 Pashlejus
1084 2058 1114 2106 in
1134 2055 1187 2108 hac
1206 2060 1335 2124 opinione

219 2124 304 2178 ααλία
328 2131 357 2176 et
381 2127 410 2175 in
428 2122 483 2175 hoc
508 2121 618 2190 periplo
635 2115 762 2172 Μοίταλα
795 2127 849 2183 cst,
862 2127 893 2170 ut
908 2129 996 2188 putet,
1012 2122 1084 2174 hanc
1096 2123 1201 2178 Sullam
1218 2127 1259 2178 ibi
1274 2125 1336 2176 lois·

218 2194 352 2260 seriptum
371 2194 409 2244 sit
427 2207 545 2259 cumque
562 2185 703 2244 Μαίναλον
719 2187 761 2238 la·
794 2204 835 2250 ee,
848 2188 1031 2243 ubinoacest
1048 2193 1166 2260 Hegio
1187 2195 1335 2254 Galenc.

218 2263 323 2315 cillime
344 2263 446 2314 mutari
458 2259 593 2328 ‘potuerit
606 2259 636 2308 in
649 2253 760 2308 Me'eol-
794 2263 896 2323 portus
919 2259 1072 2324 primarius
1090 2263 1203 2328 oppidi,
1227 2265 1336 2316 nomine

218 2334 269 2384 λον
287 2338 403 2397 propter
418 2329 546 2380 vocabuli
559 2326 760 2378 creberrimum
794 2327 1215 2384 AmariMensuraLXXXV
1233 2332 1335 2384 stadic-

217 2414 313 2461 usum,
339 2407 469 2466 putamus
493 2393 673 2448 scribendum
699 2407 777 2444 esse*
794 2408 855 2445 rum
872 2396 902 2445 iu
921 2392 995 2448 hune
1011 2397 1105 2449 locum
1124 2403 1267 2453 convenit.

218 2467 423 2534 εἰςΜοίταλον,
446 2461 710 2535 quoaccedithoc,
729 2466 761 2510 ut
828 2462 855 2525 2)
891 2461 955 2514 Non
982 2465 1166 2518 dubitandum
1184 2476 1244 2535 est,
1270 2466 1335 2535 quin

217 2551 292 2586 nunc
323 2550 434 2603 quoque
470 2542 499 2586 et
523 2530 759 2599 promontorium,
794 2544 844 2596 pro
876 2529 973 2600 Ψνχία
990 2537 1075 2586 scribi
1095 2536 1197 2589 debeat
1219 2533 1334 2604 Ψνίχιον,

213 2605 299 2671 juxta
324 2605 399 2671 quod
424 2601 553 2653 Matalon
585 2602 672 2650 situm
696 2595 759 2659 fuit,
794 2612 859 2649 nam
876 2601 919 2650 sie
937 2610 966 2653 et
988 2604 1168 2656 Ptolemaeus
1187 2606 1289 2660 scribit
1307 2613 1335 2654 et

216 2665 760 2737 Matala,etoppidumcastrollla-
793 2664 968 2733 Stephanus,
999 2671 1076 2736 apud
1103 2687 1185 2755 quern
1211 2675 1255 2724 sic
1280 2680 1335 2726 est:

216 2739 298 2790 tale
321 2747 372 2790 aut
397 2741 532 2790 Castro
564 2734 758 2787 hellanico
797 2729 920 2802 Ψνίχιον,
946 2733 1033 2800 τόπος
1052 2738 1179 2808 Kampe,
1198 2733 1335 2794 ἒνῶπό·

216 2807 345 2868 dicatur3
363 2821 484 2872 namque
502 2805 543 2855 ibi
556 2803 679 2881 vestigia
692 2807 759 2879 sunt
793 2791 889 2884 laepia
907 2799 1061 2886 dpoivopor.
1083 2805 1123 2860 Τὸ
1142 2793 1259 2862 teneti
1280 2812 1335 2862 tisu-

214 2875 413 2942 antiquitatem
458 2889 525 2941 prae
560 2885 591 2922 se
625 2871 757 2920 terentia.
791 2886 881 2936 χιενς,
900 2890 938 2933 ως
955 2876 1008 2927 τοῦ
1025 2871 1135 2928 Νότιον
1148 2873 1271 2938 Nemetis·
1288 2872 1336 2930 καί

214 2943 288 2994 Sunt
307 2943 380 2994 enim
402 2957 533 2993 camarae
549 2939 578 2989 in
601 2951 700 3003 rupem
716 2937 758 2986 in·
791 2934 933 3004 Δούλιχον
948 2940 1107 3024 Δονλιχεύς.
1127 2942 1274 3010 Pashlejus
1290 2961 1337 3011 pu·

215 3011 306 3070 cisae,
341 3025 413 3076 quae
444 3008 597 3075 apothecae
629 3006 759 3056 ridentur
791 3010 849 3067 tat,
873 3004 927 3057 hoe
945 3008 1088 3076 Psychron
1105 3012 1144 3061 ibi
1164 3010 1336 3074 tuisse‚ubi

214 3077 302 3126 fuisse
327 3084 356 3128 et
383 3076 468 3127 aedos
488 3077 590 3142 partim
611 3073 640 3122 in
660 3086 756 3136 rupem
791 3089 865 3124 nurrc
882 3075 1014 3128 liastri
1033 3083 1085 3145 est,
1104 3079 1232 3147 inquom
1249 3084 1335 3132 situm

213 3147 306 3196 incisa
324 3145 425 3210 partim
446 3144 589 3210 lapidibus
608 3145 755 3192 extructa:
791 3155 921 3194 mensura
939 3145 1005 3197 Xlll
1025 3147 1194 3208 stadiorum,
1213 3165 1287 3216 quae
1306 3148 1335 3199 in
1428 3161 1429 3166 ’

213 3229 247 3265 ca
264 3214 355 3264 Dirae
374 3214 482 3264 Mariae
507 3212 626 3263 diciturr
652 3208 682 3258 in
700 3207 757 3258 alia
791 3210 900 3276 periplo
920 3218 978 3276 est,
1006 3213 1077 3266 bene
1102 3216 1201 3268 eodem
1219 3222 1335 3269 auctore
1410 3287 1413 3294 γ

211 3289 295 3348 parte
313 3289 379 3332 eunt
397 3283 536 3348 sepulcra,
553 3281 582 3331 in
599 3292 696 3343 rupem
713 3279 756 3326 in·
790 3280 923 3345 quadrat.
962 3303 963 3310 ν

213 3351 287 3412 cisa,
322 3351 352 3400 in
388 3350 491 3417 quibus
522 3348 649 3415 plurimis
683 3345 755 3396 duae
823 3343 851 3410 d)
893 3347 916 3398 A
942 3349 1051 3401 nciuine
1083 3355 1280 3419 praeterquam
1306 3354 1336 3402 in

211 3419 298 3470 aedes
322 3424 404 3480 sunt,
432 3418 524 3470 altera
542 3431 614 3483 poue
637 3413 755 3465 alteram
789 3411 844 3464 hoc
862 3417 974 3483 periplo
1002 3415 1084 3485 hujus
1103 3427 1205 3485 portus
1224 3421 1334 3488 oppidi·

209 3487 239 3536 in
258 3486 391 3553 aedisque
410 3486 557 3538 interioris
575 3491 696 3549 utroque
715 3481 754 3530 la·
790 3497 844 3549 que
863 3486 970 3535 mentio
988 3486 1031 3544 fit.
1169 3485 1172 3490 ”

211 3562 272 3606 tere
289 3556 413 3621 parietes
432 3553 536 3606 habent
557 3553 619 3603 loca
633 3556 700 3616 apta
718 3549 753 3599 ad
822 3551 851 3614 4)
894 3553 944 3604 Est
967 3553 1149 3619 Hierapytna
1171 3555 1334 3624 intelligen-

210 3622 378 3690 accipienda
398 3621 508 3683 funera,
534 3622 576 3672 uti
597 3621 681 3672 etiam
699 3616 752 3669 sub
789 3617 834 3678 da,
853 3634 941 3686 quare
957 3623 1046 3684 etiam
1069 3619 1109 3674 ον’
1125 3629 1219 3676 rectus
1238 3641 1333 3676 uume-

209 3692 271 3741 eolo
284 3693 416 3743 videntur
431 3693 526 3758 posita
544 3687 630 3739 foisse
643 3687 754 3741 lunera.
788 3700 835 3738 rus
853 3686 952 3740 haberi
971 3695 1075 3756 potest.

209 3758 265 3811 Clr.
283 3757 409 3812 Poccek.
434 3761 468 3813 T.
490 3760 525 3812 ll.
550 3773 577 3824 p.
596 3757 656 3809 aab.
690 3755 755 3806 Hoc
821 3755 850 3818 5)
895 3758 975 3809 Haec
998 3758 1149 3824 Apollonia
1171 3773 1189 3808 a
1220 3761 1333 3812 nemine

209 3834 304 3878 autem
334 3828 471 3879 Matalum
499 3828 620 3878 alterum
638 3823 754 3876 ¹navale
787 3833 1042 3888 commemoratur;
1062 3841 1146 3892 quam
1163 3841 1333 3880 oonrmemo·

209 3896 430 3961 Gor-tynensium
474 3894 539 3948 luit.
592 3895 764 3945 Mensoram·
787 3900 851 3944 rant
866 3895 955 3945 ceteri
963 3896 1135 3959 scriptores,
1150 3909 1184 3946 ea
1201 3897 1230 3946 iu
1245 3895 1332 3948 litore

208 3970 323 4030 oportet
343 3979 405 4015 esse
423 3963 533 4026 falsam.
558 3962 587 4013 Si
607 3962 668 4029 quis
687 3975 752 4012 cou-
787 3964 918 4026 opposito
936 3963 1082 4030 multoque
1098 3963 1138 4028 xad
1157 3969 1253 4015 ortum
1274 3980 1331 4016 ma·

207 4034 290 4084 iiciat
307 4027 345 4093 π’,
364 4047 398 4083 ea
416 4039 496 4084 recta
513 4032 552 4082 sit
568 4043 710 4083 mensura.
785 4031 831 4098 gis
851 4030 945 4097 perita
963 4030 1028 4082 luit.

243 4103 268 4162 l)
310 4101 370 4150 Ηοο
395 4100 616 4166 promontorium
643 4104 752 4164 portus-
819 4095 846 4158 o)
884 4098 906 4148 Α
937 4099 1098 4152 Ptolemaeo
1125 4097 1192 4148 urbs
1228 4096 1334 4149 dieitur

208 4184 261 4235 quc
294 4168 404 4220 Sulla
435 4170 495 4221 sire
527 4167 668 4222 Selene
696 4182 751 4218 non
784 4164 923 4230 Proerna,
940 4175 1038 4236 portus
1054 4175 1148 4220 auteur
1163 4163 1332 4231 Phoenicas,
