2872 4814
220 389 283 454 τεο
430 388 721 450 Σικιικτοιοτ
740 361 848 448 aior
867 387 1129 448 Hammona

224 575 333 641 coisse„
368 571 465 626 Verba
490 555 620 627 autema¹
634 563 761 627 Οίκὲῖται
796 569 831 639 τῇ
847 563 920 623 med
937 565 1048 624 Φίσκον
1066 567 1198 642 θαλάττῃ
1212 567 1230 638 ἡ
1246 568 1324 635 πόλις.
1396 609 1399 617 .

221 639 370 696 κατέναντι
391 637 529 695 Πτίσσαία
557 638 631 712 asim
654 642 696 694 ita
718 641 763 694 in·
793 636 844 690 καί
866 629 943 706 τοῦτ’
968 633 1045 694 ἐστίν
1075 634 1180 702 αότοῖςὶ
1207 635 1324 694 ἐπίνειον.

222 718 431 779 terpretamur=
444 710 580 764 incolitur
597 724 633 763 ex
645 709 762 762 adverso
797 707 881 758 Hunc
898 704 1040 774 Physcum
1054 714 1149 761 nutem
1166 724 1250 774 supra
1266 709 1324 759 vidi·

221 779 333 832 insulae
352 778 468 831 Passala
487 778 560 842 iona,
578 779 670 831 idest
687 779 764 830 inco·
797 790 859 826 mus
876 776 962 827 situm
980 787 1042 828 esso
1066 778 1096 830 in
1124 791 1175 831 ora
1197 777 1283 845 Lycia
1303 784 1326 828 st

223 847 287 900 lunt
318 853 435 915 propter
468 847 613 900 Passalam
646 846 763 900 iontem.
797 843 838 895 ibi
858 843 981 912 quidem,
1000 844 1050 896 ubi
1072 863 1146 898 nunc
1169 852 1213 900 est
1231 852 1324 913 portus,

222 915 279 969 Sed
298 932 371 985 quaa
388 925 544 984 sequuntur
560 915 655 976 verba,
671 931 706 968 ca
722 917 764 966 in·
797 913 954 966 Turcarum
985 911 1084 982 lingna
1112 915 1268 970 Marmar
1293 915 1326 966 di·

225 990 310 1054 tegra
332 1000 388 1036 non
413 992 495 1048 sunt,
529 999 695 1052 quamquam
729 984 764 1036 de
800 986 877 1043 ctus,
896 977 1005 1048 hucque
1024 983 1151 1048 Mylasea
1176 980 1232 1036 iter
1257 984 1327 1034 conli-

223 1068 319 1106 eorum
338 1054 481 1134 sententia
495 1068 550 1104 non
562 1053 675 1105 videtur
693 1067 765 1113 esse,
800 1050 858 1100 cias
874 1050 922 1131 via
936 1049 1078 1132 milliariis
1091 1058 1159 1104 octo
1175 1059 1225 1104 aut
1241 1052 1328 1106 stadiis

224 1119 665 1258 tltlltlatladttlsll
679 1121 766 1242 ilbi?
800 1117 1330 1257 illatiittttnitsillalt

224 1258 304 1328 fonte
338 1258 474 1312 descendi
506 1259 636 1311 Miletum
663 1259 766 1327 uiginti
801 1257 1329 1324 eiusmonurnentanonpauca.)Qusm·

225 1327 337 1379 stadiis.
362 1328 497 1380 Fortasse
515 1328 543 1378 in
562 1334 699 1394 corrupto
719 1341 766 1378 no·
801 1325 897 1376 obrem
916 1338 972 1375 non
986 1323 1167 1388 dubitamus,
1185 1328 1253 1396 quin
1265 1325 1330 1394 apud

224 1397 300 1448 mina
333 1393 454 1449 Θένετον
485 1395 651 1462 oppidulum
684 1396 766 1475 latet,
802 1391 978 1474 Strabonem
997 1393 1062 1446 loco
1097 1395 1187 1479 allato
1214 1396 1254 1479 sic
1274 1395 1329 1446 scri·

225 1463 303 1585 illl
321 1463 519 1599 ,illiniti
538 1463 766 1594 latiaris:
801 1460 939 1599 iiiiii.
955 1465 1331 1600 ”inanimalia

226 1617 289 1654 cum
307 1596 365 1653 ότιο
383 1603 450 1669 ῆναι
473 1601 508 1652 ab
523 1616 558 1654 eo
575 1598 769 1654 dicanturho·
801 1599 922 1650 eundum
941 1612 1003 1650 esse
1024 1600 1132 1668 aliquid
1155 1601 1243 1656 aliud.
1268 1601 1331 1653 ru·

226 1669 358 1722 minesad
397 1669 768 1722 iletun1.Sadntverissima
801 1667 875 1728 nius,
894 1666 946 1718 lib.
961 1663 997 1730 V,
1019 1683 1080 1736 cap.
1102 1663 1260 1733 XXXVlll,
1278 1669 1332 1721 Pas·

226 1744 320 1790 tannen
338 1739 481 1806 scriptura
501 1737 539 1801 είς
556 1734 698 1798 Μόίασαν
714 1737 768 1806 pri·
802 1734 892 1787 salam
914 1735 944 1786 in
968 1736 1070 1788 insulis
1103 1739 1239 1790 ceramici
1267 1739 1335 1790 sinus

227 1822 274 1859 ma
299 1808 395 1874 spacio
425 1807 559 1860 videatur
583 1824 663 1869 esse,
698 1804 769 1858 iacit
803 1810 957 1858 enumerat.
975 1805 1117 1872 Loquitur
1135 1809 1209 1858 enim
1225 1807 1283 1860 sic:
1307 1808 1333 1857 ln

226 1890 329 1927 noman
345 1874 433 1926 fontis
444 1875 587 1940 Passalae,
606 1876 681 1945 quod
691 1876 769 1927 idem
804 1872 947 1924 Ceramico
972 1881 1067 1925 autom
1091 1876 1154 1926 sinu
1173 1877 1334 1944 Priaponna·

226 1958 329 1995 nomen
347 1943 454 1996 navalis
472 1945 503 1994 M
525 1945 691 1997 {assensium
715 1949 768 1996 est.
803 1956 864 2004 sos,
899 1941 1094 2009 Hipponesus,
1132 1949 1235 2010 Psyra,
1267 1947 1335 2010 Mya,

229 2011 301 2063 Nam
328 2012 404 2079 apud
432 1960 604 2079 StepKanum
637 2013 679 2063 sic
711 2018 769 2064 est:
805 2011 1061 2079 hampsemandus,
1081 2014 1252 2077 Passala,
1276 2015 1330 2065 Gru·

227 2075 380 2142 Ποίσσαία,
399 2076 576 2134 Μνίασσίων
594 2077 734 2135 ἐπίνειον·
753 2074 769 2133 ό
804 2093 845 2140 aa,
861 2077 982 2146 Pyrrha,
996 2079 1137 2146 Sepiussa,
1150 2083 1263 2134 Melane
1277 2097 1333 2150 pan·

228 2147 297 2201 τιοίί
330 2145 532 2212 ςΠασσαίεός.
568 2152 606 2202 ilc
632 2151 693 2202 sine
718 2148 769 2201 du·
805 2149 918 2214 lumque'
942 2163 960 2199 a
983 2150 1144 2203 continente
1173 2151 1276 2204 distans
1297 2150 1332 2200 ci·

228 2167 328 2268 bini]
356 2218 447 2284 ipsum
474 2218 572 2272 navale
605 2224 665 2280 ast,
692 2217 768 2287 quod
803 2216 979 2283 naedopolis.
1002 2218 1087 2285 Atqui
1104 2221 1271 2287 interpretas
1287 2218 1334 2270 Pii·

229 2283 384 2336 Pausanias
402 2285 471 2339 dicit
482 2286 594 2352 Mylasa
608 2288 676 2356 ipsis
692 2295 769 2338 octo·
804 2285 844 2335 nii
868 2282 940 2336 hanc
966 2285 1088 2339 insulam
1113 2289 1213 2346 navale
1240 2289 1332 2354 Mylas·

229 2354 310 2422 ginta
327 2355 428 2407 abesse
446 2356 562 2419 stadiis,
587 2357 613 2407 is
638 2357 711 2408 enim
727 2358 770 2407 ita
803 2355 927 2406 sensium
945 2352 1034 2406 fuisse
1056 2356 1166 2420 dicunt,
1184 2358 1214 2408 in
1231 2373 1284 2425 quo
1299 2362 1332 2405 ta·

229 2423 345 2488 scripsit
362 2423 413 2476 lib.
443 2423 525 2484 vili,
551 2440 612 2491 cap.
643 2426 687 2475 1⁰:
714 2424 770 2478 Θα-
805 2437 868 2474 men
892 2436 941 2474 eos
958 2437 1054 2474 errare
1072 2426 1333 2478 satisnobiscaar·

230 2486 331 2558 ίοίσσης
349 2485 384 2559 δὴ
403 2486 616 2560 α’ναφαίνεσθαι
643 2494 718 2560 κόμα
740 2487 771 2544 ἐν
804 2497 938 2558 gumento
964 2505 1025 2543 esse
1051 2493 1199 2554 uidentur,
1223 2509 1289 2562 quae
1310 2497 1333 2542 et

229 2559 269 2629 τῷ
295 2557 361 2628 ἱερῷ
385 2555 477 2630 τούτῳ
509 2556 591 2629 λόγος
622 2551 770 2626 ἒστίνόἷρ·
805 2559 960 2612 Pausanias
978 2559 1013 2612 de
1028 2560 1085 2612 isto
1103 2560 1177 2613 dixit
1191 2569 1220 2615 et
1234 2561 1332 2614 Strabo.

224 2629 326 2696 ’χαῖος
355 2623 468 2680 ἐοικότα
495 2624 526 2682 δὲ
549 2628 599 2682 καί
622 2621 770 2698 Ἀθηναῖοι
805 2627 1031 2680 Existimandam
1063 2637 1107 2682 ast
1140 2631 1252 2698 potins,
1274 2628 1334 2681 hanc

230 2691 341 2764 λέγουσι
360 2691 388 2756 ἐς
404 2691 436 2748 τό
455 2697 531 2764 κόμα
550 2693 582 2751 τό
601 2692 631 2750 ἐν
648 2690 770 2766 οὶκςοτιό·
804 2696 926 2747 insulam
944 2712 1001 2748 non
1026 2696 1111 2766 longe
1135 2716 1152 2750 a
1177 2701 1334 2754 continente,

231 2767 272 2817 ίει
289 2762 337 2816 καὶ
361 2764 467 2830 Καρῶν
491 2763 519 2817 ol
536 2762 643 2832 ἔχοντες
669 2761 696 2828 ἐς
720 2767 772 2831 τοῦ
807 2765 856 2814 ubi
866 2764 983 2815 Passala
998 2771 1083 2826 esset,
1098 2766 1248 2820 distantem
1259 2766 1334 2817 luisse

229 2832 304 2884 θεοῦ
322 2824 354 2883 τό
373 2827 459 2899 ἱερόν,
477 2823 511 2884 ὃν
525 2828 605 2901 φόνῃ
622 2832 658 2900 τῇ
675 2828 720 2885 ἐστι
738 2850 774 2884 ω·
808 2831 843 2883 ab
863 2833 1136 2901 istaque-accepisse
1154 2852 1265 2892 nomen.
1287 2833 1334 2886 Sed

233 2898 283 2969 ρέα
312 2899 447 2952 καλοῦσιν
478 2893 578 2967 Ὀγιόα.
610 2851 774 2969 Ἀθηναίοις
807 2905 840 2950 ut
856 2901 927 2951 illuc
939 2908 1125 2966 revertamur,
1142 2905 1216 2956 unde
1231 2904 1280 2956 huc
1296 2903 1336 2953 da·

169 2978 173 2990 ·
231 2963 282 3033 μὲν
307 2963 338 3018 δὲ
366 2965 500 3029 σταδίους
522 2964 645 3035 μάλιστα
670 2969 774 3022 εἴκοσιν
806 2961 880 3036 lapsi
898 2985 1010 3031 sumus,
1036 2970 1105 3023 haec
1122 2973 1254 3036 Passala,
1275 2985 1337 3040 quae

232 3028 374 3118 οἷφόστηκε
388 3036 438 3102 τῆς
458 3031 566 3098 πόλεως
588 3031 606 3104 ἡ
630 3031 701 3104 τορός
720 3039 774 3090 Φα-
807 3038 837 3088 in
854 3037 956 3090 intimo
981 3038 1127 3092 Ceramico
1155 3042 1219 3094 sinu
1239 3039 1291 3096 init
1306 3040 1337 3089 si·

233 3103 478 3172 ίηρφθαίασσα,
508 3099 639 3166 οόσαότως
672 3101 704 3158 δὲ
726 3103 775 3158 καί
809 3113 854 3168 ta,
873 3121 927 3158 non
943 3111 1037 3174 potest
1055 3109 1180 3162 esseiila
1202 3110 1264 3162 fons
1283 3110 1339 3161 Pas·

231 3171 416 3223 Μυλασεῦσιν
434 3165 559 3225 ἐπίνειον
581 3172 714 3236 σταδίους
731 3167 775 3242 όγ-
809 3175 886 3238 sala,
905 3174 940 3226 de
958 3190 1012 3242 quo
1030 3177 1060 3228 in
1085 3179 1193 3244 periplo
1214 3180 1337 3245 scriptum

233 3234 374 3307 δοήκοντα
405 3231 512 3308 αἰιέχον
545 3236 619 3295 ἐστίν
643 3234 700 3296 siud
727 3243 775 3311 τῆς
808 3243 898 3306 est,si
915 3246 998 3295 modo
1014 3245 1108 3298 insula
1122 3250 1274 3309 Acriteeo,
1292 3261 1337 3314 quo

233 3303 348 3370 πόλεως.
383 3309 421 3359 Λα
439 3307 567 3374 proiecto
591 3311 669 3362 sinus
693 3313 775 3364 Cera·
809 3312 943 3375 diximus,
961 3315 1121 3368 marisloeo
1136 3315 1199 3368 luit.
1211 3318 1337 3368 Ettamen

232 3378 323 3428 unicus
347 3376 423 3428 inira
441 3377 579 3445 Mylasam
605 3387 662 3432 tam
688 3378 774 3448 longa
810 3380 939 3436 additur:
957 3382 1025 3434 inde
1041 3381 1173 3436 descendi
1188 3384 1337 3452 Mylasena,

233 3447 262 3520 ὶιιΙ
288 3451 392 3497 terram
426 3447 534 3498 recedit
559 3451 657 3517 (atqua
687 3450 716 3500 in
741 3461 775 3500 eo
809 3465 881 3517 quae
897 3451 964 3502 urbs
981 3452 1016 3503 ab
1031 3452 1084 3504 illa
1100 3454 1270 3506 continentis
1285 3468 1339 3520 par·

233 3515 296 3581 ipso
327 3521 503 3583 perangusto
534 3515 596 3568 loco
628 3518 688 3568 sive
710 3517 776 3568 sinu
810 3524 856 3586 te,
876 3519 923 3570 cui
942 3535 977 3571 ex
994 3520 1115 3574 aduerso
1131 3517 1247 3574 Acritan
1273 3523 1339 3572 insu·

233 3585 300 3651 quin
318 3581 407 3635 fuerit
423 3584 500 3634 istud
519 3585 627 3647 navale,
647 3586 775 3648 dubitan·
810 3586 866 3639 lam
884 3602 945 3641 esse
964 3589 1102 3658 diximus,
1122 3607 1203 3660 quam
1228 3592 1340 3644 maximo

233 3653 298 3702 dum
327 3667 361 3702 eo
386 3652 477 3703 minus
502 3658 560 3714 est,
604 3654 660 3704 uod
687 3653 774 3705 hodie
808 3655 1039 3725 diremtaspatio
1057 3667 1111 3714 est.
1134 3660 1241 3714 Hisde
1259 3659 1340 3711 causis

234 3735 361 3788 quoque,
383 3721 432 3788 qui
449 3736 522 3773 nunc
538 3671 678 3789 My‘ffasam
696 3724 780 3774 inco·v
808 3726 834 3776 si
851 3724 924 3776 nihil
941 3727 1064 3790 excidit,
1110 3729 1166 3780 uod
1185 3734 1339 3781 tamennon

211 3788 311 3850 lunt,
342 3789 441 3841 eodem
473 3795 593 3842 utuntur
616 3798 725 3858 portu,)
742 3797 776 3844 ut
809 3795 851 3850 ita
870 3793 1075 3859 videturesse,
1093 3813 1122 3848 ιιι
1142 3795 1195 3849 hac
1212 3797 1340 3850 sannatia

233 3856 353 3923 spatium
371 3857 446 3909 inter
467 3859 565 3912 urbem
589 3865 674 3929 atque
698 3876 775 3913 maro
810 3877 919 3926 sumus,
944 3872 977 3915 ut
1003 3864 1212 3928 existimemus,
1238 3882 1287 3934 pro
1309 3863 1340 3924 sk

225 3939 290 3976 ,non
308 3925 398 3978 maius
422 3942 506 3994 quam
525 3928 684 3980 stadiorum
700 3931 775 3997 ipso·
809 3926 968 3987 Μόλασσαν
998 3949 1067 3996 asse,
1097 3932 1274 3988 scribendum
1309 3933 1341 3992 είς

234 4008 295 4044 rum
324 3994 363 4045 sit
391 3997 540 4064 octoginta
560 4005 611 4049 aut
638 3997 776 4050 milliaria
809 3998 940 4070 Μίλητον
988 4002 1079 4070 Atque
1103 4004 1216 4068 urbium
1239 4002 1340 4056 nomina

235 4068 351 4114 nostrae
360 4066 584 4121 mensuraeduo.
598 4068 708 4134 Aequis
716 4074 776 4119 tan·
810 4082 866 4120 non
883 4071 974 4121 solnm
999 4079 1132 4140 corrupta
1160 4089 1222 4127 esse
1243 4074 1273 4126 in
1293 4068 1339 4122 hot

236 4132 300 4184 dem
319 4130 446 4194 dubitet,
464 4128 533 4200 quin
550 4135 624 4188 idem
641 4136 740 4188 navale
758 4153 776 4188 a
809 4151 919 4207 apogra
940 4137 991 4202 ho,
1033 4141 1085 4194 sed
1115 4143 1207 4202 setiam
1231 4154 1338 4195 murmu-

235 4199 374 4280 Strabone
385 4213 498 4269 quoque
511 4203 631 4264 dicatur,
647 4204 694 4274 qui
708 4206 776 4256 scri-
810 4211 888 4270 tata,
921 4155 974 4260 Boc
1004 4208 1152 4262 afferimus
1185 4208 1339 4279 exemplum·

236 4275 293 4335 psit
318 4267 401 4321 haec:
426 4266 577 4339 Πίησιοίζει,
603 4269 634 4326 δὲ
656 4268 777 4346 μάλιστα
811 4275 885 4341 quod
911 4292 997 4344 supra
1020 4292 1071 4346 pro
1098 4278 1261 4350 Καρχηδόνι
1283 4276 1339 4330 ³⁰¹5-
