2846 4812
221 379 284 448 η
432 374 720 442 armatior
737 375 847 438 ΗῚὈΙ
865 373 1122 437 ΠΕΡΙΠΛΟΤΣ

154 565 166 600 ··
222 559 500 644 consuamus,
521 557 565 634 ee
579 557 733 624 ussaw
756 521 842 622 aar.
862 555 914 624 aar
939 554 1026 632 ‚aaa
1047 557 1122 627 mr·
1144 554 1254 636 ιιμιιι
1271 552 1330 626 ιιι

136 649 137 660 ¹
224 661 295 744 iper,
316 655 392 724 itit
412 655 505 734 σάλος
524 658 598 740 ἔχει·
620 653 798 737 α’σφαλίζοιι.
837 652 918 740 'And
939 650 1097 724 Ου’στίιων
1118 655 1162 734 εἰς·
1178 651 1327 738 dionaei

224 894 328 951 eastris
353 891 484 950 Cornelii
510 890 547 948 ad
574 889 701 968 [Ustica]
727 889 824 946 stadia
850 889 896 946 m.
937 887 983 965 Op
1005 877 1085 945 idum
1110 865 1186 946 cst..
1205 887 1329 946 Portum

222 975 283 1030 n'nn
296 968 395 1042 habet,
408 967 462 1026 red
476 969 579 1024 salum.
598 966 670 1046 Esto
683 967 794 1027 cautus.
806 904 1038 1042 [dbUnticisfod
1047 963 1163 1024 Cernen
1176 965 1328 1026 stadim

224 1195 271 1265 qni
287 1194 344 1247 hnc
356 1195 498 1262 pertinet,
515 1197 560 1255 est
574 1193 609 1247 V.
623 1191 655 1244 δε
671 1191 756 1244 Dein
777 1189 867 1244 »certe
883 1191 913 1244 id
931 1204 987 1242 non
1002 1197 1055 1245 est.
1074 1189 1185 1244 defuit
1197 1190 1327 1260 proiecto

223 1264 449 1332 promontorium
462 1261 600 1328 spoltino
621 1267 650 1314 et
669 1261 699 1311 in
720 1261 759 1314 at
791 1273 876 1328 parva
892 1258 985 1312 insula
998 1275 1087 1330 prope
1098 1259 1236 1324 Siciliam,
1253 1274 1327 1330 quae

223 1341 285 1386 tero
309 1334 373 1384 sinu
395 1332 476 1383 Utica
502 1332 604 1380 civium
629 1344 758 1382 romano·
791 1329 949 1394 vocabatur
966 1329 1109 1390 Ustica,
1134 1330 1184 1382 sed
1211 1345 1247 1380 ea
1271 1343 1327 1382 non

224 1417 294 1454 rum.
331 1397 445 1452 Catonis
460 1405 554 1450 morte
572 1395 690 1449 nobiliss
707 1395 757 1448 flu·
791 1403 886 1465 potest
911 1396 965 1448 hoc
987 1399 1052 1450 ioco
1075 1399 1106 1448 in
1131 1397 1327 1466 quaestionem

221 1465 437 1537 ,mauRagreda
449 1465 758 1526 hecuaCastraCornef
792 1466 899 1524 vocari.
932 1465 992 1528 Noa
1008 1482 1104 1528 snmus
1118 1466 1258 1534 igituir}
1275 1463 1328 1518 trac

225 1539 283 1603 lia,
303 1537 418 1588 colonia
433 1533 574 1603 Carthago
593 1536 758 1606 niagnaein
792 1533 948 1596 sententia,
980 1536 1161 1604 ut'primunr
1187 1534 1328 1602 fragmen·

225 1606 352 1673 vestigiis
365 1601 559 1672 Carthaginis,
579 1603 689 1656 colonia
698 1603 757 1654 Ma·
792 1608 851 1653 tum
870 1610 997 1668 putemus
1023 1603 1107 1654 tinem
1129 1601 1262 1654 habuisse
1285 1601 1327 1653 his

223 1673 312 1728 nolle.
339 1673 465 1742 Oppida:
484 1673 582 1739 Carpi,
602 1673 710 1738 ittisua,
730 1678 758 1724 et
791 1671 898 1724 verbis:
932 1666 1038 1738 μεγάλα
1060 1673 1153 1725 crinio.
1189 1665 1251 1726 'rino'
1280 1667 1327 1724 κά·

226 1742 348 1793 liberum
373 1743 479 1810 Clupea
510 1742 538 1791 in
567 1739 758 1808 promontorio
793 1754 883 1812 στρων
903 1739 1129 1808 Repentino...
1150 1745 1180 1790 et
1205 1741 1328 1792 alterius

223 1809 371 1864 Mercurii.
414 1811 484 1876 item
510 1809 601 1860 libero
629 1808 758 1869 Curubis,
791 1807 906 1858 initium
940 1807 1090 1875 fragmenti
1123 1807 1227 1869 fnisse,
1267 1823 1327 1858 cor·

225 1879 370 1946 Neapolis.
421 1879 487 1928 Mox
522 1877 635 1928 Atticae
669 1877 759 1943 ipsius
792 1883 906 1942 ruptum
919 1875 1037 1943 aliquod
1048 1891 1158 1938 nomen,
1177 1877 1329 1928 autetiam
1366 1923 1369 1930 .

226 1947 472 1999 aliadistinctio.
531 1943 760 2012 Libyphoenices
794 1959 830 1996 eo
864 1945 946 2012 plane
980 1944 1087 2008 omisso
1121 1945 1207 1996 rerba
1247 1941 1329 2006 πόλις

225 2019 369 2076 vocantur,
388 2015 435 2080 qui
450 2011 608 2080 Byzacium
623 2013 759 2066 incolunt.
794 2008 859 2066 ἐστὶ.
878 2013 936 2064 lam
957 2013 1090 2080 repetitio
1110 2013 1237 2065 eiusdem
1254 2029 1328 2064 men-

224 2085 271 2134 tta
295 2079 454 2149 appellatur
479 2083 559 2150 regio
583 2082 659 2144 ceti
669 2081 762 2134 miliia
793 2095 879 2134 surae
900 2081 979 2145 (dieo
1000 2081 1252 2149 vigintiquatuor
1272 2088 1327 2136 stae

225 2167 357 2220 passuum
375 2165 425 2218 per
444 2151 608 2211 circuitum,
627 2149 758 2212 fertilita·
795 2149 853 2211 dia)
872 2146 981 2215 probat,
1002 2151 1086 2200 rerba
1105 2154 1236 2218 corrupta
1254 2164 1327 2205 esse.

224 2220 263 2272 tis
279 2219 413 2281 eximiae,
431 2233 494 2272 cum
509 2219 662 2270 centesima
678 2217 759 2286 fruge
794 2219 835 2268 Ae
850 2217 980 2284 profecto
997 2218 1061 2269 fieri
1076 2217 1160 2270 etism
1177 2218 1280 2284 potnit,
1297 2223 1328 2268 ut

224 2289 415 2357 agricolarum
432 2283 531 2339 foenus
551 2287 690 2338 reddente
703 2293 759 2336 ter·
793 2287 902 2348 scriba,
936 2286 986 2352 qui
1017 2293 1094 2339 certe
1119 2295 1175 2337 noir
1201 2287 1328 2338 Graecos

224 2371 267 2411 ra.
314 2357 370 2408 Hic
402 2355 507 2422 oppida
540 2355 632 2408 libera
661 2355 760 2420 Leptis
794 2353 865 2416 fnit,
899 2349 1026 2408 otacus
1047 2354 1173 2408 adderm.
1212 2356 1256 2406 ira
1280 2370 1327 2406 arr·

224 2429 350 2492 (parva),
373 2424 594 2486 Adrumentom,
624 2425 759 2490 Rrispina,
793 2429 852 2476 tem
866 2422 1001 2476 debemus
1016 2424 1194 2484 existimare,
1213 2424 1256 2479 ain
1278 2420 1328 2474 iria

225 2493 366 2561 Thapsus.
387 2493 454 2546 inde
475 2491 601 2554 'sirenae
618 2493 759 2544 Macoma—
794 2490 953 2560 fragmenta
975 2492 1080 2554 inisse,
1106 2493 1241 2560 quaeat>
1258 2439 1327 2554 droa,

225 2563 287 2624 des,
303 2563 425 2627 Tacape.
449 2559 578 2612 Sabrata.
593 2562 760 2630 contingens
794 2561 873 2612 cuius
888 2558 994 2612 infelici
1007 2559 1165 2630 stitu'haec
1180 2575 1327 2612 conserva·

225 2631 332 2696 Syrtim
351 2631 502 2690 minorem,
537 2627 572 2679 ad
600 2644 682 2696 quam
703 2629 760 2680 Nu·
794 2629 836 2680 tio
854 2626 951 2680 harum
972 2630 1225 2696 quasiruinarum
1244 2629 1327 2682 debe·

225 2697 331 2750 midiae
361 2705 390 2750 et
415 2696 528 2748 Africae
560 2697 594 2747 ab
620 2699 760 2766 Ampsaga
794 2701 856 2760 tur,
874 2698 903 2748 in
922 2697 1147 2751 unumconilata
1166 2703 1242 2750 sunt.
1281 2697 1327 2748 m-

226 2765 643 2836 longitudoDLXXXmillium
666 2782 759 2831 passu·
794 2765 867 2816 enim
894 2780 956 2814 curn
982 2767 1010 2816 in
1036 2781 1092 2816 uno
1120 2763 1220 2816 horum
1252 2765 1326 2832 frag·

226 2851 287 2899 um,
313 2835 374 2900 (116
400 2834 471 2886 mill.
498 2834 597 2902 germ.)
625 2835 758 2896 latitudo,
793 2840 950 2884 mentorum
985 2837 1095 2885 nominc
1128 2833 1259 2900 Φοινίκης
1295 2848 1327 2884 ea

226 2919 282 2971 qua
308 2904 453 2970 cognitum
478 2908 537 2970 est,
570 2903 614 2954 CC
640 2901 758 2953 millium
794 2901 873 2969 regio
905 2901 1126 2969 designaretur,
1162 2917 1236 2969 quae
1261 2902 1324 2952 Car·

226 2972 356 3040 (domiti.
376 2971 514 3038 gerini·
687 2979 690 2994 ¹
793 2967 1018 3038 rhaginiensitus
1047 2969 1162 3022 subdita
1185 2975 1275 3030 esset,
1299 2973 1328 3020 et

261 3041 288 3101 l)
305 3040 359 3100 Qui
374 3037 457 3089 huius
470 3038 622 3106 fragmenti
638 3037 758 3088 mentio·
794 3053 855 3088 cnm
880 3038 957 3089 aliud
982 3037 1186 3107 fragmentum,
1211 3040 1242 3088 in
1262 3051 1326 3105 qao,

228 3104 449 3169 manifestarunt,
466 3107 487 3157 ii
505 3109 534 3157 in
554 3108 640 3158 verbo
659 3101 760 3158 Odom-
794 3121 866 3174 quae
902 3107 1012 3172 proprie
1043 3106 1184 3158 Phoenice
1212 3107 1326 3167 dicitnr,

227 3181 264 3228 ιια
294 3175 405 3241 opinati
434 3181 500 3228 suut
533 3176 627 3226 inesse
659 3189 761 3224 nonrcn
794 3174 1011 3242 describeretur,
1034 3176 1151 3228 eandem
1168 3176 1327 3242 inscriptio·

167 3273 180 3288 .›
227 3244 343 3304 Uticae,
368 3258 425 3309 qua
445 3245 474 3294 in
494 3259 523 3296 re
539 3244 559 3294 ii
580 3242 646 3294 mihi
667 3243 759 3293 siden·
794 3258 857 3294 nem
876 3241 1002 3302 haberet,
1029 3243 1326 3305 tuniascribacnnn
1380 3251 1383 3260 “

157 3371 160 3378 Ι
227 3318 282 3366 tur,
309 3309 490 3364 vehementer
524 3311 595 3364 tani.
636 3311 760 3362 Primum
814 3318 901 3361 nanta
934 3313 1079 3380 ignoratio
1108 3309 1325 3372 commiserit,

226 3381 317 3443 enim,
343 3380 406 3447 quis
428 3379 542 3430 tandem
561 3395 682 3446 unquam
701 3379 760 3430 Uti·
795 3327 852 3430 dici
873 3394 927 3430 non
950 3387 1057 3446 potest,
1082 3386 1230 3449 utrumque
1252 3379 1325 3448 frag·

227 3463 287 3502 cnm
304 3464 340 3500 ne
362 3449 419 3499 avit
433 3446 536 3500 habere
555 3447 686 3516 postumi
706 3449 759 3498 De·
794 3453 916 3500 mentum
950 3449 1025 3500 inter
1057 3465 1087 3500 se
1113 3448 1234 3502 ridiculo
1261 3464 1326 3500 sanc

164 3509 168 3530 '
225 3517 292 3586 inde
326 3465 360 3570 id
392 3517 523 3582 oppidum
561 3518 595 3569 ab
631 3515 759 3569 omnibus
793 3516 876 3568 modo
895 3517 1020 3568 iunctum
1039 3523 1093 3572 est.

227 3585 344 3637 Graecis
370 3577 461 3666 Uram}
492 3586 670 3645 nonrinntur,
697 3599 759 3636 eum
827 3584 854 3647 2)
874 3585 935 3635 Hoc
955 3585 1087 3652 oppidum
1107 3602 1124 3638 a
1143 3583 1235 3636 Piiuio
1262 3589 1325 3634 eta

227 3668 329 3706 nomen
346 3652 464 3704 Romam
483 3653 538 3719 ipsi
551 3655 661 3704 Uticam
677 3651 759 3704 fecis·
776 3693 779 3699 .
794 3651 937 3720 Stephano
969 3653 1039 3720 Byz.
1075 3647 1189 3706 Carne
1213 3653 1325 3712 dicitur,

227 3728 307 3781 sent,
338 3737 400 3774 cum
419 3727 530 3774 constet
547 3735 631 3788 saepe
650 3737 668 3772 ιι
693 3727 726 3772 ut
749 3721 760 3772 i
794 3721 843 3774 sed
858 3737 875 3772 a
888 3721 1026 3774 Strabone
1040 3718 1153 3788 Κάρνος
1168 3725 1217 3772 aut
1233 3720 1325 3782 etiam,

226 3789 453 3858 pronuntiatum:
488 3805 579 3856 neque
611 3789 669 3840 uilo
695 3787 759 3840 loco
795 3790 970 3847 utnonnulii
992 3789 1104 3845 codices
1126 3783 1324 3854 habent,Kd·

227 3872 383 3922 anonymus
401 3865 506 3920 noster,
528 3859 575 3924 qui
593 3857 654 3924 ipse
673 3855 758 3910 Grae·
794 3877 892 3926 paroc,
931 3859 978 3910 sed
1011 3859 1103 3926 minus
1136 3864 1229 3920 recte,
1266 3873 1325 3910 cum

228 3943 279 3980 eus
302 3924 374 3990 fuit,
400 3941 454 3977 non
479 3935 592 3978 secutus
621 3932 678 3987 est,
705 3927 759 3978 nisi
795 3929 961 3981 Strabonem
976 3928 1096 3978 sciamus
1111 3927 1139 3976 in
1159 3926 1324 3992 descriptio·

228 3994 361 4056 Graecos,
375 3993 422 4062 qui
436 4009 575 4062 nunqnam
591 4010 625 4048 ne
643 3993 760 4064 posteri·
795 4011 828 4045 ne
846 3993 947 4062 Syriae
972 3995 1177 4048 Artemidorum
1202 4001 1324 4047 secutum

228 4064 323 4116 oribus
342 4061 454 4130 quidem
470 4063 645 4132 temporibus
665 4031 760 4132 dljter,
794 4079 870 4129 esse,
889 4065 953 4132 qui,
972 4069 1003 4116 ut
1019 4065 1102 4134 nobis
1121 4063 1250 4130 prodidit
1266 4061 1325 4114 Ste-

225 4129 281 4187 nisi
306 4124 393 4198 Ἰτυιιή
415 4127 555 4186 dixerunt.
591 4129 677 4184 Cuius
702 4133 759 4200 ¹igi·
813 4129 901 4182 hanua
925 4133 1010 4199 Byz.:
1045 4129 1157 4199 Κάρνος
1181 4130 1324 4199 scriptum,

225 4208 275 4256 tur
292 4213 402 4267 cunque
421 4199 519 4268 oppidi
536 4217 639 4254 nornen
657 4201 685 4252 in
705 4193 760 4254 Οὕ-
793 4147 913 4267 datum
935 4217 998 4252 nam
1017 4201 1092 4272 apud
1115 4195 1190 4252 hunc
1209 4201 1250 4251 sic
1267 4206 1323 4250 cst:

228 4282 309 4324 erran
324 4266 448 4332 abditum
467 4277 524 4334 est,
542 4285 643 4324 nomen
660 4267 759 4322 Uticae
794 4263 901 4342 Kainon,
920 4264 1001 4346 adire
1013 4268 1157 4358 Φοινίκμς,
1175 4263 1323 4340 oe'midcip-
