2872 4814
197 367 288 444 θιιιὶκ
314 361 316 370 Χ
411 362 704 424 ΣΤΑΔΙΑΣΜΟΣ
723 361 833 424 HTOI
853 357 1111 420 ΠΕΡΙΠΛΟΤΣ

199 549 228 604 oi
251 547 439 618 Kepnordeia.
474 545 661 602 Boaulortius
690 561 738 598 aa·
772 545 852 598 nius:
869 543 976 596 Rursus
1000 541 1121 596 abstulit
1141 545 1247 609 (rerum
1268 557 1318 594 aa·

198 628 257 672 tem
276 615 325 682 (cf.
345 633 372 685 p.
389 619 450 680 llll)
468 614 540 670 haec
558 616 655 677 relert,
675 631 738 682 pro·
773 614 849 676 tura)
870 613 978 664 insulas
997 613 1067 663 arari
1086 612 1237 680 iunxitque
1263 620 1319 664 ter-

197 690 370 740 muatorium
396 682 738 751 nonaneiiarabagn-
772 684 830 734 ris:
854 683 1044 734 Antissam
1076 681 1212 742 Lesbo,
1247 681 1317 734 Ze·

197 755 249 823 la,
273 753 364 821 (Beau
380 755 470 806 ortius
492 755 606 821 ridetur
629 759 739 804 tantum
772 766 790 818 p
807 749 823 800 h
838 765 858 816 y
875 749 909 800 ri
928 766 944 800 u
961 766 986 801 m
1017 741 1317 816 Halicarnasso,

196 830 280 876 retus
302 824 480 876 Termeriom
508 823 738 891 signiticarero·
771 816 970 871 aethusam
989 818 1141 884 Myndo,
1160 816 1318 871 Narthe-

196 892 303 959 luisse,
330 907 498 960 quamquam
527 905 582 942 non
601 889 738 956 hocpro·
773 901 893 940 cusam
912 885 1116 938 Parthenio
1145 899 1318 953 promon-

196 962 370 1013 montorlum
394 961 503 1024 solum,
527 959 578 1011 sed
605 964 668 1009 tota
686 957 739 1010 illa
772 959 884 1008 torio.
925 957 1084 1022 Utrumque
1108 966 1205 1007 autem
1229 969 1318 1023 argu·

196 1043 264 1100 pars
288 1029 460 1096 peninsulae'
479 1043 566 1094 supra
595 1029 682 1078 Coum
709 1027 738 1078 in
772 1030 906 1089 mentum,
924 1038 1041 1092 quorum
1059 1039 1145 1074 unum
1170 1025 1318 1091 inportu,

196 1111 275 1150 mure
296 1106 430 1164 porrecta
445 1097 479 1148 ah
500 1096 602 1147 incolis
619 1096 737 1146 istarum
773 1094 895 1144 alterum
911 1094 942 1143 in
957 1093 1068 1144 insulae
1085 1101 1237 1160 terraeque
1251 1107 1318 1144 con·

195 1172 335 1218 terrarum
354 1162 594 1233 Karabaglrla
613 1164 738 1224 dicitur-,i
772 1161 917 1212 iunctione
941 1162 1065 1228 positum
1097 1167 1156 1221 est,
1190 1175 1318 1228 quorum

196 1234 244 1286 ubi
265 1234 473 1286 circumvectus
491 1235 545 1295 sit,
575 1231 652 1284 aliud
672 1232 737 1294 sibi,
771 1229 924 1297 posteriori
952 1228 1156 1282 aBeaulortio
1182 1245 1237 1280 noa
1265 1231 1316 1280 mi·

197 1317 284 1355 arena
302 1294 443 1363 constans,
461 1301 630 1364 occurrisse,
649 1307 736 1368 atque
772 1314 823 1348 nus
842 1298 975 1366 ponderis
1000 1315 1082 1366 quam
1108 1298 1198 1364 priori
1223 1299 1317 1350 tribui

196 1371 264 1424 inde
291 1387 353 1423 cunr
384 1371 606 1438 septentrionem
637 1383 735 1420 versus
772 1365 910 1430 debebat,
938 1373 1031 1434 potest
1055 1367 1149 1422 etiam·
1161 1365 1226 1418 aliis
1253 1368 1318 1436 qui·

196 1440 374 1508 procederet,
396 1439 450 1491 duo
468 1438 546 1490 vicos
565 1437 668 1499 luisse,
687 1450 735 1488 no·
770 1435 888 1486 busdam
914 1435 1022 1489 firmari
1053 1435 1146 1488 rebus.
1192 1439 1231 1488 ric
1258 1437 1317 1503 pri·

195 1508 319 1560 minibus
338 1507 459 1573 Kady
488 1505 736 1572 Kalaasyet
771 1517 842 1554 mam
862 1503 976 1570 quidem
1004 1519 1066 1556 cum
1084 1506 1141 1554 situ
1164 1503 1271 1572 Myndi
1300 1520 1317 1558 a

197 1574 415 1637 Gumislrlu,
433 1575 533 1645 quibus
552 1590 569 1626 a
587 1591 618 1627 se
636 1573 733 1627 ambo·
770 1570 939 1624 lieaulartio
956 1571 1113 1625 constituto
1123 1574 1216 1641 magis
1224 1575 1314 1626 etiam

196 1645 250 1696 bus
268 1645 407 1713 reliquiae
432 1644 610 1713 antiquorum
636 1642 734 1695 aedifi·
770 1642 902 1692 curarenit
922 1641 997 1708 quod
1022 1639 1125 1694 Strabo
1148 1641 1234 1705 dicit,
1256 1652 1316 1694 sta-

195 1727 295 1765 corum
313 1720 407 1765 essent
430 1720 570 1780 repertae.
604 1716 642 1762 Ac
661 1713 734 1778 prio·
769 1709 820 1759 tim
851 1715 915 1776 post
942 1708 1116 1777 Zephyrium
1147 1719 1316 1778 promonto-

195 1795 255 1834 rem
274 1781 366 1834 locum
393 1782 483 1833 rideri
507 1788 632 1833 veterem
651 1781 733 1846 Myn·
769 1778 840 1828 rium
868 1778 1003 1843 Myndum
1030 1787 1159 1830 secutum
1187 1795 1268 1840 csse,
1290 1780 1316 1832 si

195 1849 260 1902 dum
278 1860 431 1919 propterea
448 1865 519 1913 ease,
537 1849 612 1919 quod
631 1847 734 1900 Strabo
768 1847 912 1910 sumimus,
926 1842 978 1897 hoc
991 1845 1162 1914 Zephyrium
1181 1857 1315 1914 promun-

194 1925 334 1986 testetur‚
357 1919 453 1970 statim
485 1918 563 1969 ultra
592 1915 734 1982 Zephy·
768 1916 871 1965 tor-ium
891 1929 946 1966 nun
964 1915 1126 1976 esseillud,
1144 1917 1219 1984 quod
1242 1917 1316 1968 diei·

194 1987 292 2039 rium
310 1993 396 2054 (quo,
415 1994 447 2037 ut
466 1986 555 2052 ipsius
573 1987 671 2053 opinio
692 1985 733 2036 l'e·
769 1989 816 2033 tur
834 1997 852 2034 a
871 1981 1036 2054 Bepufortio
1064 1999 1152 2036 arena
1177 1984 1314 2036 effectum

195 2054 353 2118 rat,.illud
372 2056 596 2122 promontorium
623 2067 733 2119 arenae,
769 2065 841 2114 esse,
860 2053 907 2102 sed
928 2052 1016 2116 illud,
1043 2053 1116 2120 quod
1137 2052 1172 2103 ad
1198 2061 1317 2121 septen·

196 2123 272 2194 quod
322 2123 406 2173 modo
454 2125 733 2184 coarmenroraverit,
759 2120 890 2190 trionem
908 2136 1109 2189 versossupra
1128 2123 1219 2174 vicum
1238 2125 1315 2174 Ka·

195 2191 375 2262 significari)
407 2191 602 2259 progredienti
633 2189 662 2242 M
671 2203 734 2258 yn‘·
769 2187 1000 2256 dylialassy
1024 2198 1068 2242 est
1093 2205 1205 2259 quoque
1230 2192 1315 2244 sarus

195 2263 277 2314 dum
301 2275 468 2322 occurrere,
499 2260 548 2311 scd
570 2273 734 2327 persuasum
768 2256 900 2318 allicitur,
919 2259 995 2308 intra·
1012 2273 1093 2326 quern
1112 2260 1192 2310 locus
1212 2261 1315 2312 estad

116 2367 119 2373 ·
195 2330 251 2382 sihi
269 2344 340 2391 esse,
356 2331 450 2379 vicum
469 2326 664 2380 Gumishla
681 2342 733 2394 pro
767 2325 966 2392 appellendum
981 2327 1229 2390 accommodatus,
1245 2343 1314 2380 narn

193 2399 302 2466 Myndo
318 2395 477 2448 habendum
492 2413 563 2457 esse,
582 2400 648 2465 quia
661 2393 734 2447 hanc
768 2391 823 2443 lroe
852 2398 1071 2461 promontorium
1101 2398 1149 2464 qui
1182 2405 1227 2448 est
1259 2400 1315 2450 eir·

193 2468 291 2518 urbem
310 2465 410 2517 Strabo
441 2466 520 2516 dicat
544 2473 656 2531 portum
685 2462 741 2515 ha··
769 2469 947 2532 eumveetus,
981 2465 1007 2514 is
1040 2466 1137 2515 statim
1168 2465 1313 2531 Myndum

193 2536 271 2598 bere,
283 2533 374 2602 (quud
388 2534 464 2585 idem
480 2534 582 2600 Scylax
591 2535 652 2594 ait.)
667 2547 733 2600 quo,
767 2530 903 2596 pervenit.
946 2533 1037 2599 litque
1062 2533 1150 2584 etiam
1174 2547 1314 2600 promun-

214 2605 309 2670 roprie
335 2603 377 2654 sie
402 2602 498 2664 dieto,
523 2604 601 2652 ricus
626 2601 701 2653 liad
711 2615 732 2666 y
768 2598 873 2649 tortum
905 2600 1106 2667 astypalaeam
1137 2615 1195 2652 non
1226 2603 1312 2654 illam

192 2619 354 2739 Kalassy
372 2681 483 2733 careat,
510 2671 560 2722 sed
583 2684 616 2721 eo
644 2685 731 2737 quon·
765 2674 915 2733 angustam
940 2668 1084 2738 linguam,
1112 2677 1144 2719 ut
1166 2670 1314 2723 Beaufor·

193 2740 258 2790 dam
282 2740 375 2790 vicum
409 2735 596 2790 Gunrishlu
616 2738 731 2789 'instru-
765 2736 839 2797 tius,
858 2736 994 2796 dixerim,
1021 2753 1092 2806 quae
1111 2741 1312 2804 parvointer-

192 2815 267 2860 etum
285 2807 388 2872 luisse,
406 2807 472 2858 inde
491 2812 625 2874 appareat
643 2813 730 2873 atque
764 2803 840 2856 rallu
867 2820 953 2872 supra
979 2808 1132 2858 Temenion
1164 2813 1225 2870 est,
1258 2809 1313 2861 sed

192 2883 288 2935 extet,
318 2876 392 2942 quod
420 2878 580 2927 etiamnunc
598 2875 731 2926 residuae
765 2873 863 2938 potius
888 2880 937 2925 aut
967 2875 1037 2925 illud
1079 2877 1311 2942 promontorium

189 2951 287 3011 partes
304 2944 435 3005 moliunn,
465 2944 565 3010 quibus
591 2945 646 2993 iste
670 2943 731 2993 ari
765 2955 886 3002 arenae,
905 2943 1024 3009 quadis
1045 2941 1218 3011 Zephyrium
1244 2961 1312 2999 esse

189 3012 324 3063 fluctuum
340 3015 417 3061 tutus
431 3009 527 3072 luerit,
546 3012 645 3062 emari
663 3011 730 3062 enai·
766 3016 855 3076 putat‚
874 3019 924 3061 aut
938 3010 1019 3075 illud,
1038 3013 1112 3079 quod
1130 3019 1173 3064 est
1189 3013 1311 3080 paulum

189 3085 285 3131 neunt.
312 3078 421 3139 Quibus
440 3079 589 3144 explicatis
610 3079 651 3130 sie
669 3093 730 3145 per·
764 3079 912 3143 superiore
931 3079 1004 3130 luco.
1034 3081 1072 3130 Ae
1091 3079 1213 3133 fortasse
1235 3079 1310 3136 haec

189 3148 234 3218 git
264 3146 401 3212 scriptor:
435 3149 514 3208 „Est
540 3147 625 3198 etiam
651 3146 729 3198 aliud
764 3145 856 3198 altera
885 3149 1029 3200 sententia
1054 3147 1107 3200 hoe
1133 3156 1177 3200 est
1202 3153 1310 3213 verior,

190 3224 405 3286 argumentum,
433 3229 489 3284 quo
508 3211 578 3268 haec
603 3229 666 3266 mea
690 3216 729 3265 vi·
765 3213 841 3281 quod
867 3229 968 3269 nomen
995 3219 1228 3284 Astypalaea
1257 3221 1310 3271 ‹lo-

189 3285 290 3337 deatar
308 3285 450 3336 sententia
468 3284 581 3337 lirmari.
608 3282 727 3346 Plinius,
763 3290 825 3344 cet,
844 3281 874 3334 in
893 3297 927 3335 eo
945 3287 1137 3351 promontorio
1164 3285 1314 3354 oppidum'

188 3355 238 3405 ubi
256 3369 306 3405 eas
332 3353 438 3404 insulas
463 3360 624 3416 enumerat,
655 3367 725 3422 quae
761 3349 863 3414 luisse,
887 3368 905 3403 a
923 3369 979 3421 quo
1004 3355 1032 3405 id
1062 3355 1236 3421 appellatum
1258 3365 1308 3410 est

187 3421 326 3489 temporis
353 3433 486 3488 processu
512 3423 671 3472 innuissent
694 3437 724 3473 se
760 3425 1081 3488 nonrenquetametiam
1097 3425 1310 3487 retinuit,cum

187 3505 250 3542 cum
269 3491 450 3552 continente,
465 3489 664 3542 aethusam
682 3488 724 3539 in·
758 3488 836 3538 istud
853 3489 900 3540 vel
916 3491 1062 3544 interisset
1078 3491 1124 3543 vel
1147 3493 1204 3544 iam
1230 3492 1308 3547 nilril

187 3559 278 3614 solam
298 3559 369 3609 dicit
387 3559 561 3611 commissam
580 3573 643 3610 esse
661 3573 724 3609 rum
759 3564 835 3608 esset
852 3558 908 3608 nisi
931 3559 1018 3612 vicus.
1056 3559 1115 3612 Nee
1139 3560 1225 3614 facile
1242 3562 1308 3615 ullu

186 3627 305 3695 Myndo.
341 3628 432 3694 Atque
455 3627 484 3677 id
510 3628 586 3679 latus
615 3623 724 3694 portui,
758 3628 1085 3694 temporeoppidunrin
1105 3627 1187 3681 huius
1221 3631 1307 3684 modi

187 3697 222 3752 ad
242 3709 324 3764 quem
344 3696 420 3746 ricus
439 3695 633 3748 Gumislrlu
653 3696 725 3746 sitos
758 3697 955 3812 plronrontoriu
981 3697 1191 3760 condiderunt,
1216 3701 1305 3767 quale

187 3771 246 3826 est,
271 3762 346 3831 quod
373 3765 408 3815 ad
444 3778 573 3816 occasum
604 3770 724 3831 spectat,
785 3762 940 3816 eaulortius
949 3763 1123 3833 Zephyrium
1137 3767 1303 3834 descripsit

160 3866 162 3869 -
186 3834 247 3883 alta
265 3839 310 3882 est
328 3833 581 3901 penirrsula‚'quao
607 3840 724 3900 propter
759 3830 849 3883 Porro
867 3839 962 3884 autern
986 3835 1057 3886 situs
1083 3835 1187 3902 Myndi
1212 3837 1304 3888 etiam

185 3897 319 3952 isthmum
336 3908 556 3971 perangustum,
580 3915 636 3970 quo
661 3915 722 3951 oum
758 3901 972 3968 Car-yandorum
1004 3903 1061 3954 situ
1093 3905 1229 3955 constitui
1261 3906 1303 3956 ri·

185 3969 348 4020 continente
369 3971 518 4022 commissa
552 3978 613 4032 est,
640 3967 723 4022 lacile
758 3969 849 4022 detur.
869 3971 1022 4036 caryanda
1038 3975 1132 4023 autem
1156 3972 1213 4024 fuit
1230 3970 1302 4040 Scy-

97 4033 107 4054 *
185 4035 339 4106 aliquando
363 4037 527 4104 prointala
550 4037 650 4090 haberi
675 4051 723 4105 po·
756 4037 817 4090 lace
841 4045 915 4092 teste
942 4047 972 4092 et
999 4039 1092 4092 insula
1116 4045 1147 4093 et
1174 4041 1242 4092 urbs
1270 4049 1303 4096 et

186 4104 274 4162 tuit.“
318 4106 376 4156 lsto
408 4115 502 4158 autem
536 4107 617 4170 loco,
642 4107 722 4158 cuius
756 4113 872 4175 portus,
902 4108 989 4177 ,qaod
1028 4107 1105 4160 idem
1137 4107 1198 4161 iere
1230 4109 1300 4163 loco

183 4166 370 4228 Beaufortius
392 4175 573 4240 recordatur,
606 4176 654 4244 qui
679 4182 722 4227 est
756 4177 943 4243 transscripta
967 4176 1152 4229 alstraboae
1177 4177 1234 4229 dici
1256 4180 1300 4230 ri·

183 4241 259 4296 libro
278 4242 316 4307 ll,
334 4257 394 4312 cap.
412 4244 463 4308 91,
486 4241 557 4298 haec
579 4243 652 4298 dicit
665 4243 722 4299 Pli-
756 4243 864 4307 dimus,
883 4246 932 4314 qui
955 4253 1106 4314 practerea
1123 4261 1176 4300 nos
1201 4247 1299 4316 ducet,
