2872 4814
110 355 114 366 '
190 361 255 424 aut
401 359 692 418 ΣΤΑΔΙΑΣΜΟΣ
709 354 819 418 ΗΊὈΙ
838 357 1101 418 ΠΕΡΙΠΛΟΤΣ

191 519 309 608 liuidus
321 542 364 618 sis
375 541 432 624 τὴν
452 539 507 641 Kei
526 543 607 606 used.
626 537 709 621 pri.l
724 537 805 606 'Ani
820 535 875 604 Kei
892 537 1206 624 tugutianensis*
1224 543 1314 605 παῦ.
1383 599 1389 604 .

191 711 214 769 A
236 659 330 767 dnido
356 711 388 766 in
415 709 475 768 Coa
502 709 597 767 stadia
624 709 686 764 18⁰.
734 707 758 764 A
786 703 827 764 Co
855 707 1094 765 Halicarnassum
1119 706 1217 764 stadia
1244 709 1313 766 180.

190 886 245 940 hoc
273 903 328 938 non
353 885 438 940 iarile
463 889 527 957 quis
553 889 615 940 iure
634 891 731 955 neget,
765 873 869 953 niirque
892 890 1005 1005 grueter
1028 883 1178 951 Scylacem
1205 891 1237 939 et
1262 902 1314 939 an·

190 962 222 1008 ut
249 956 342 1008 insula
368 957 463 1026 aliqua
486 959 515 1008 in
542 957 612 1010 mari
640 955 731 1008 leurio
766 961 897 1009 ctorem,
920 954 983 1005 uius
1008 954 1111 1022 peripli
1137 970 1315 1008 commemo·

190 1025 307 1082 Donusa
330 1025 387 1088 dipl
418 1026 526 1094 potuit,
559 1024 654 1078 ituria
679 1022 731 1074 irae
765 1031 830 1076 rata
849 1028 903 1076 est.

190 1109 301 1160 quoque
321 1095 406 1144 muris
426 1104 522 1158 parte,
549 1108 620 1162 quae
645 1092 732 1144 Grue-
800 1094 826 1154 l)
846 1093 887 1144 lix
905 1088 957 1142 hac
976 1096 1006 1142 et
1022 1092 1154 1158 sequenti
1171 1105 1316 1143 mensura

190 1163 262 1213 eiam
287 1161 392 1224 ambit,
424 1164 565 1214 Donusam
593 1175 654 1213 esse
683 1176 730 1227 po·
763 1159 968 1228 intelligimus,
986 1158 1070 1210 urbes
1088 1159 1209 1212 Gnidum
1227 1159 1316 1211 l-lali·

190 1233 288 1282 tuisse.
337 1230 446 1282 Nomen
479 1232 560 1282 uirbis
590 1247 608 1281 a
642 1225 731 1283 devie
764 1242 981 1295 carasssumque
999 1234 1085 1296 atque
1109 1228 1235 1280 insulam
1258 1230 1315 1280 Co·

191 1297 350 1350 ducendum
385 1299 513 1366 ridetur,
555 1298 728 1367 quod'cum
764 1298 953 1358 uminterse
972 1295 1110 1366 trianguli
1131 1312 1195 1348 esse
1220 1297 1314 1348 modo

190 1373 322 1419 nutare
339 1367 499 1436 significet,
518 1367 604 1419 facile
623 1365 729 1418 iactum
762 1367 843 1434 sitas,
861 1372 892 1416 ut
909 1364 1020 1432 insula,
1045 1379 1119 1432 quae
1135 1363 1315 1433 hypothesis

190 1446 251 1495 est,
266 1440 302 1504 ut
318 1436 429 1487 insulae
456 1437 595 1504 quaedam
614 1436 657 1486 ita
682 1449 728 1502 ap·
763 1444 822 1497 est,
842 1435 877 1486 ab
896 1439 1016 1501 utraque
1041 1434 1111 1484 urbe
1128 1434 1246 1502 aequali
1270 1435 1314 1486 di·

190 1503 366 1570 pellerentur
383 1513 546 1571 propterea,
567 1504 641 1573 quod
662 1517 731 1569 quo·
763 1509 821 1555 stet
838 1501 1008 1564 intervallo,
1032 1501 1107 1570 quud
1126 1508 1223 1554 tamen
1245 1502 1315 1555 bre·

191 1571 255 1622 dani
275 1573 358 1622 modo
376 1574 404 1623 in
425 1573 495 1629 mari
522 1572 577 1624 huc
593 1571 665 1624 illue
682 1585 729 1622 va·
763 1573 827 1623 rius
846 1571 956 1624 Plinius
973 1569 1076 1638 habet,
1095 1572 1182 1622 coum
1206 1571 1315 1624 dicens

190 1640 253 1707 gari
272 1641 331 1691 sire
346 1642 480 1693 saniliare
497 1642 669 1693 viderentur«
687 1639 729 1691 Si·
764 1640 800 1692 ab
823 1639 1025 1692 Halicarnasso
1040 1640 1201 1706 quindecim
1220 1640 1315 1692 milli·

190 1716 250 1759 tum
277 1716 369 1760 autem
396 1707 492 1772 huius,
516 1725 587 1778 quae
613 1723 731 1762 rumme-
763 1709 817 1762 bus
836 1723 966 1776 passuum
986 1707 1153 1772 distantem,
1171 1724 1250 1776 quae
1271 1709 1315 1759 di·

190 1784 320 1829 moratur
334 1779 363 1829 iu
380 1780 498 1847 periplo,
519 1781 649 1830 ltonusae
662 1778 729 1828 dna-
764 1779 869 1829 stantis
886 1778 956 1844 ipsis
970 1777 1119 1846 sexaginta
1134 1778 1238 1829 studiis
1261 1779 1316 1829 mi·

189 1845 340 1899 busrebus
362 1848 537 1898 certoruodo
555 1848 729 1898 constituere
764 1862 818 1896 nor
842 1861 925 1914 quam
944 1859 1091 1898 ‚mensura
1119 1846 1224 1913 peripli
1256 1853 1314 1900 est.

189 1914 265 1966 lieet.
315 1916 438 1966 Primum
472 1917 545 1967 eninr
582 1931 597 1967 e
624 1915 727 1975 verbis,
764 1915 819 1967 Sed
839 1930 901 1966 cum
920 1914 1050 1965 omuibus
1069 1915 1210 1980 inretitus,
1231 1915 1317 1982 quod

188 1997 357 2050 quamquam
377 1984 451 2034 urrini
470 1998 505 2034 ex
521 1989 602 2052 parte
621 1995 670 2048 pro
688 1983 729 2033 in·
764 1982 889 2034 medium
907 1990 966 2045 est,
983 1983 1160 2034 verissimum
1179 1999 1250 2036 esse
1271 1984 1315 2035 di·

145 2095 147 2100 .
190 2054 282 2118 tegris
303 2048 434 2102 habenda
451 2068 504 2104 uon
523 2060 598 2114 suut,
617 2049 672 2102 lrou
688 2060 730 2102 ta·
765 2059 863 2114 catur,
882 2051 1018 2104 idetiam
1047 2050 1205 2118 deperipli
1231 2067 1316 2104 rnen·

177 2121 255 2170 'men
272 2119 393 2183 intelligi
413 2121 489 2180 lieet,
510 2135 621 2172 cursum
643 2133 728 2186 prope
763 2135 830 2172 sura
848 2119 1047 2182 statuendum,
1064 2135 1137 2188 quae
1162 2125 1195 2171 ut
1212 2122 1316 2174 maior

87 2192 90 2202 '
189 2185 313 2238 insulam
360 2187 503 2240 Donusam
547 2188 727 2240 dextrorsum
763 2196 807 2241 est
824 2189 974 2256 sexaginta
989 2188 1093 2240 stadiis
1107 2203 1191 2257 quarn
1208 2188 1314 2253 Plinii,

189 2255 367 2322 dirigendum
402 2273 480 2324 esse,
511 2253 586 2310 uride
615 2257 728 2308 ridetur
762 2259 804 2308 ita
829 2257 934 2326 viginti
965 2256 1066 2309 stadiis
1094 2257 1189 2310 minor
1221 2273 1315 2326 quarn

189 2324 252 2376 iure
282 2326 397 2394 stringi,
430 2341 514 2378 eursu
547 2327 727 2378 dextrorsum
762 2324 958 2394 agathensem,
983 2325 1135 2393 quiainter
1160 2327 1256 2378 Coum
1284 2335 1315 2380 et

188 2391 270 2445 llexo'
291 2395 434 2452 'l'euedum
464 2403 593 2462 petentes
615 2398 657 2446 ita
681 2410 728 2445 aa·
762 2395 882 2446 Cnidum
903 2394 1026 2460 spatium
1043 2393 1230 2448 ducentorum
1261 2393 1314 2449 lra-

186 2462 363 2529 vigasse,ut
393 2465 500 2514 insulas
525 2465 623 2526 ceum,
650 2463 725 2528 (tya-
761 2463 994 2519 betstadiorum.

187 2530 726 2591 rum,‚indrumsinistralralrerentsie·
794 2535 825 2594 a)
845 2533 946 2583 Mirari
969 2531 1119 2583 satisnon
1164 2534 1312 2593 assumus,

187 2613 241 2664 que
258 2615 370 2652 cursum
387 2607 517 2652 terrerent
534 2600 622 2662 illuni,
643 2615 726 2667 quam
762 2601 808 2667 qui
832 2599 937 2652 lartum
962 2601 1016 2662 sit,
1037 2603 1071 2650 ut
1100 2545 1248 2651 Siillerus
1275 2599 1312 2650 de

186 2663 273 2719 hodie
300 2681 474 2733 parram
501 2670 611 2720 riam
630 2669 728 2719 dicunt
761 2671 816 2719 situ
836 2670 939 2720 veteris
956 2666 1241 2724 Halicarnassiialsa
1259 2667 1312 2718 do·

186 2734 255 2798 (ulia
276 2737 388 2797 estvm,
406 2736 530 2788 Siluta
549 2737 635 2800 dicta,
654 2751 726 2805 quae
761 2743 824 2789 reat
848 2745 892 2798 et,
920 2737 968 2805 qui
995 2737 1157 2802 nuperrime
1182 2749 1313 2804 geogra-

137 2831 143 2844 »
187 2803 276 2870 primo
309 2805 384 2856 inter
415 2805 500 2856 ceum
533 2804 726 2873 Helenamque
762 2805 854 2872 plriam
874 2807 1017 2873 antiquam
1032 2803 1211 2870 conscripum
1230 2799 1312 2857 hanc

98 2918 101 2924 .
164 2877 273 2936 -(nune
292 2872 348 2922 Zeu
368 2879 396 2923 et
421 2871 588 2930 lllskrouisil
615 2888 647 2924 nu
666 2878 725 2922 tuor
761 2887 820 2924 rem
844 2878 874 2921 ut
893 2871 1005 2923 dubiam
1026 2871 1141 2922 omniuo
1161 2887 1217 2922 uon
1237 2875 1311 2924 atti·

186 2939 264 2990 inter
293 2939 434 2992 Euboeam
469 2941 649 3006 Andrumque
677 2939 725 2990 du·
781 2941 854 3000 erit,
873 2955 934 2990 eum
953 2947 1047 2994 taurian
1060 2953 1140 2990 'nune
1159 2954 1211 3001 ea,
1230 2956 1311 3009 quae

187 3007 247 3066 eit).
286 3007 396 3058 Deinde
425 3007 472 3058 ubi
495 3009 612 3058 Donusa
632 3009 725 3058 iacue-
760 2957 842 3078 logii
869 3007 1071 3071 eruditissimi,
1095 3008 1250 3060 Morritius
1279 3016 1312 3062 et

187 3075 241 3134 rit,
262 3077 353 3143 magis
369 3067 455 3126 'etium
481 3083 598 3142 apparet
623 3090 656 3126 ex
683 3072 726 3125 lris
760 3074 955 3140 Beuuiortios,
974 3077 1016 3130 de·
1028 3077 1157 3144 vestigiis
1173 3085 1311 3130 veterum
1344 3133 1348 3142 ,

186 3141 294 3194 additis
320 3143 427 3194 verbis:
461 3136 531 3196 ὅθεν
562 3139 667 3209 ripoinus
693 3137 725 3196 sd
760 3145 972 3208 aedilitiorum,
996 3161 1068 3214 quae
1090 3145 1120 3196 in
1145 3146 1207 3197 rico
1235 3147 1312 3198 uu-

129 3253 135 3268 .
187 3207 362 3269 Σκύλλαιον,
382 3227 454 3278 quae
472 3213 533 3262 siue
551 3213 636 3264 dubio
664 3228 726 3266 eum
761 3215 852 3264 drnn
876 3216 1071 3280 reperiuntur,
1096 3213 1188 3280 deque
1219 3211 1313 3268 huius

187 3280 281 3332 serbis
300 3275 347 3333 inl
364 3278 507 3348 Δονούσης
530 3282 662 3349 coniungi
680 3281 726 3332 de-
759 3283 851 3348 ipsius
867 3283 922 3333 viai
941 3284 998 3334 situ
1015 3283 1204 3348 seripserunt,
1223 3283 1312 3336 dubi·

187 3348 265 3402 bent.
301 3352 392 3418 Atque
419 3353 448 3400 iu
469 3349 654 3418 nunquidnam
679 3364 725 3417 pe-
761 3357 823 3402 tare
840 3358 952 3414 retent,
980 3351 1048 3418 quin
1066 3351 1091 3402 is
1109 3351 1203 3402 locum
1220 3351 1311 3404 Hali-

187 3418 252 3483 ripli
279 3427 379 3469 auctor
398 3418 479 3484 plane
497 3420 635 3470 consentit
663 3433 726 3469 eunt
760 3421 885 3471 parnassi
906 3421 1041 3473 nauseat.
1068 3420 1184 3482 Omnes,
1205 3421 1257 3488 qui
1278 3423 1311 3474 in

187 3487 319 3551 Stylare:
337 3489 362 3537 is
372 3481 454 3539 Ἕσιι
480 3484 526 3554 δὲ,
558 3488 667 3559 inquit,
692 3481 724 3538 sd
760 3485 814 3539 lroe
837 3488 985 3540 doctrinae
1012 3503 1116 3556 genere
1139 3496 1310 3553 versantur,

188 3551 349 3608 Σκύλλαιον
375 3557 423 3621 τῆς
452 3556 633 3623 Τροιζηνίας·
652 3557 725 3607 Κατ·
760 3555 844 3607 nobis
857 3558 885 3607 in
901 3572 935 3609 eu
954 3557 1154 3617 assentientur,
1170 3555 1309 3610 Sicklere

188 3618 303 3688 ertnrpri
330 3619 360 3674 δὲ
394 3617 483 3674 adsoni
513 3620 570 3676 iuvi
601 3619 726 3676 Σούνιον
761 3639 815 3676 non
835 3624 958 3677 doluisse
974 3640 1102 3694 magnam
1122 3624 1309 3692 diligentiam

187 3685 364 3760 νὶνρωτήριον
386 3693 434 3759 τῆς
455 3685 601 3759 Ἀθηναίας
624 3687 724 3765 χώρας,
760 3694 920 3762 multasque
950 3693 1064 3756 lituras,
1093 3693 1143 3748 sed
1174 3694 1310 3748 defuisse

187 3756 270 3812 Kareoi
288 3762 371 3814 saise
391 3757 448 3813 issi
464 3755 727 3834 νῆσοιΒέλβννα
760 3763 919 3830 ingeniunrr
968 3761 1003 3814 de
1036 3761 1162 3830 Georgia
1206 3770 1309 3817 autem

187 3825 237 3879 sul
260 3824 349 3890 πόλις.
375 3830 466 3891 'Quae
498 3830 540 3880 ita
572 3843 632 3880 eum
659 3828 725 3890 sint,
761 3844 816 3880 non
842 3831 1003 3883 dubitamus
1028 3828 1081 3882 hoe
1112 3831 1223 3895 disere,
1251 3849 1310 3886 nee

137 3888 142 3899 ‘
181 3897 252 3962 ⁴quis
271 3897 398 3960 dubitat,
425 3898 491 3970 quin
512 3891 632 3949 Belbina
656 3895 726 3948 haee
759 3899 829 3950 satis
861 3900 887 3951 ei
918 3898 1026 3968 ingenii
1064 3915 1117 3950 nee
1151 3899 1308 3954 doetrinae

187 3964 305 4016 Donusa
317 3966 364 4016 sit.
385 3969 424 4018 lia
439 3965 524 4018 hodie
543 3967 612 4017 San
624 3965 726 4017 (tion
759 3981 811 4019 nee
827 3967 997 4037 diligentiae
1014 3967 1110 4021 luisse.
1139 3967 1197 4020 Sed
1214 3975 1249 4020 ut
1266 3971 1307 4022 sd

188 4034 248 4096 gio
273 4033 598 4087 diArboradieitur.
635 4034 725 4089 luta·
760 4050 818 4094 rem
856 4037 1041 4100 accedamus,
1085 4052 1186 4090 numen
1224 4037 1307 4090 Bura

187 4101 264 4154 bulis
281 4101 472 4170 geographiae
490 4104 593 4155 verens
612 4103 725 4157 omnino
760 4103 850 4154 drun
877 4111 976 4156 ortum
1009 4111 1054 4157 est
1079 4121 1095 4157 e
1119 4105 1307 4169 Petrumi‚

126 4213 129 4220 .
182 4185 243 4224 *nen
266 4172 393 4223 ridemus
411 4173 564 4224 indicatam
589 4171 660 4224 hane
684 4171 725 4222 in·
759 4187 815 4240 quo
838 4175 919 4225 modo
933 4177 1043 4234 'l'ureae
1062 4169 1192 4226 Pistris
1212 4175 1305 4227 inter-

188 4239 288 4304 tulam,
307 4247 448 4295 ettamen
474 4257 492 4294 a
509 4241 649 4298 Strabone
669 4239 726 4296 l‘li·
760 4249 916 4314 pretautur.
953 4241 1106 4301 Castellum
1124 4249 1217 4298 sutem
1233 4259 1305 4298 sau·
