2872 4814
119 421 121 428 ,
225 327 299 441 886!
435 375 725 438 ΣΤΑΔΜΣΜΟΣ
743 377 852 436 ΗΊὈΙ
870 375 1129 436 napinam

227 567 294 628 post
308 559 659 629 appellaretuoOlympus,
675 561 762 614 etiam
796 573 894 612 maere
917 568 971 613 est.
1007 559 1064 612 Hic
1089 574 1167 612 mons
1188 559 1330 612 nocturnis

226 633 255 682 in
278 629 429 697 Olympum
457 637 597 682 mutatum
623 637 675 684 est.
720 631 762 680 lla
797 629 925 680 aestibus
943 625 1216 680 iumidnmexhalat.
1254 629 1330 682 Unde
1420 627 1421 632 ’

227 703 323 751 autern
340 713 397 749 non
422 697 457 750 ad
476 714 553 750 mare
577 701 687 766 ipsum,
712 697 761 749 sed
797 696 1048 749 tabulam-iromus
1074 688 1192 748 nroostm‘
1220 696 1250 746 in
1278 697 1331 746 rul-

227 768 405 848 incampu,a
418 765 690 849 moricompluribus
705 767 762 818 coi·
797 781 864 848 gons
883 765 951 884 ἳαῒα
970 772 1029 828 est,
1058 767 1133 833 quod
1156 765 1330 846 Chimaeram

227 836 303 888 lrbus
323 837 538 899 dustermmato,
556 834 761 903 srtaiurt,sed
796 850 890 886 anrura
919 840 1098 901 potaverunt.
1145 835 1178 885 Et
1200 850 1331 902 quomam

227 921 291 958 cum
305 905 375 956 mari
389 905 540 956 coniuncta
553 904 679 956 tluvioet
696 917 761 956 con·
796 911 899 954 natura
916 904 1020 955 ibidem
1038 903 1136 954 subest
1149 905 1246 972 ignea,
1267 903 1329 956 Vul-
1422 921 1423 924 ¹

226 971 303 1026 valle
317 988 351 1024 ex
366 969 416 1024 illo
427 987 524 1040 campo
534 973 608 1024 inter
617 973 689 1024 duos
705 973 763 1024 col·
796 987 865 1022 canu
894 971 991 1042 urbem
1012 973 1169 1038 proximam
1189 971 1275 1038 Lycii
1294 971 1330 1022 di-

228 1041 272 1094 ies
285 1042 455 1108 pertinente.
476 1041 573 1094 Posito
592 1040 646 1092 tuit
668 1050 761 1093 autem
796 1039 904 1100 cerunt,
924 1056 1006 1107 quam
1022 1039 1056 1090 do
1071 1041 1210 1092 uocabulo
1225 1042 1270 1090 soi
1287 1056 1330 1091 no-

227 1111 256 1160 in
276 1119 398 1177 utraque
410 1109 486 1160 llovii
504 1110 574 1176 ripa,
593 1115 625 1161 ot
639 1109 709 1161 licet
722 1111 762 1160 in·
796 1109 880 1159 urinis
896 1107 1098 1174 Hephaestiam
1114 1115 1229 1160 rocasst·
1249 1111 1330 1160 Prae·

227 1178 761 1248 telligereexreliquiisveteromae·
797 1176 874 1228 clare
909 1177 1116 1245 intelligimus,
1150 1178 1219 1246 quid
1255 1176 1330 1229 istml

227 1246 396 1315 diliciarum,
413 1247 573 1315 dequibus,
590 1245 762 1314 quaeBeau-
797 1245 919 1296 Vulcani
944 1247 1079 1312 templum
1105 1244 1208 1310 fuerit,
1226 1247 1279 1298 sed
1297 1247 1330 1296 si-

227 1315 332 1366 iortius
348 1316 465 1382 scripsit
490 1331 515 1382 p.
539 1317 584 1367 151
606 1331 682 1382 sqq.‚
704 1316 763 1384 legi
795 1313 853 1364 rrrol
871 1313 945 1365 ellici
964 1315 1168 1384 intelligimus,
1196 1331 1231 1366 ne
1256 1315 1328 1366 istud

228 1384 342 1436 debent.
368 1387 459 1452 Atque
478 1384 658 1446 nictimine,
678 1400 762 1452 quem
797 1383 929 1452 oppidum
955 1381 1071 1434 Sidenos
1096 1397 1149 1434 non
1179 1385 1222 1434 ita
1249 1383 1329 1452 longe

228 1453 321 1504 nullus
339 1459 464 1504 veterum
491 1455 662 1520 scriptorum
688 1467 763 1504 com·
797 1453 832 1501 ab
854 1451 905 1501 iilo
929 1459 1023 1504 oronte
1045 1451 1171 1504 flammas
1198 1453 1329 1504 eliciente
1423 1513 1424 1522 ἵ

228 1522 409 1583 memoravit,
436 1521 580 1574 etiannum
600 1520 674 1586 apud
694 1522 764 1573 Hie·
798 1518 924 1570 abfuisse
945 1521 1099 1575 credamus.
1121 1521 1331 1582 Estrerisimile

227 1590 330 1642 roclena
370 1588 530 1642 Phoenicos
574 1592 668 1641 dictus
709 1595 762 1643 est.
799 1588 916 1639 condita
941 1589 1062 1657 Olympo
1092 1597 1218 1642 veterem
1251 1589 1328 1642 Sida·

227 1656 356 1724 Scylacis
373 1663 467 1710 aetate
486 1667 536 1710 aut
560 1659 672 1711 omnino
696 1675 763 1710 non·
798 1663 883 1708 ronta
900 1656 1038 1724 proiectis
1065 1659 1183 1720 incolis,
1208 1660 1256 1727 qui
1283 1658 1329 1710 mi·

228 1728 292 1779 dum
324 1733 388 1779 erat
412 1727 549 1794 Olympus
573 1727 688 1779 condita
713 1733 763 1778 aut
799 1733 917 1794 grareot
941 1726 969 1776 in
990 1741 1091 1778 novam
1111 1727 1217 1790 urbem,
1237 1727 1329 1794 paula-

227 1795 349 1848 nondom
374 1797 405 1847 in
430 1797 653 1864 magnitudinem
684 1797 764 1847 urbis
798 1795 849 1846 tim
883 1795 1032 1857 immisse,
1075 1797 1254 1864 quamobrem
1298 1797 1330 1846 ab

228 1869 365 1918 creverat.
402 1863 474 1916 Nam
491 1866 546 1916 iste
564 1867 685 1932 scriptor
703 1879 762 1916 eam
798 1869 914 1915 auctore
929 1869 1039 1914 tantum
1056 1880 1125 1934 ager
1139 1863 1267 1928 Sidarus,
1278 1881 1329 1916 non

227 1948 284 1985 non
303 1939 521 1999 commemorat,
541 1934 590 1985 sed
609 1934 674 1986 alia.
713 1933 763 1983 Di·
799 1931 936 1998 oppidum
966 1939 1016 1983 aot
1040 1939 1138 1999 portus
1167 1935 1330 1985 crimmemo·

227 2003 267 2053 cit
291 2005 366 2053 enim
397 1999 483 2052 haec:
515 1997 692 2072 ἀκρωτήριον
715 2000 764 2054 sul
798 2008 887 2052 ratur.
925 2000 1008 2062 Quod
1029 2001 1150 2070 denique
1174 2003 1211 2054 ad
1232 2009 1329 2054 nonsen

228 2065 311 2138 λιμὴν
339 2069 493 2138 asceseos.
535 2071 605 2132 Quis
642 2071 765 2131 dubitet,
797 2071 889 2136 ipsum
916 2069 1033 2132 attinet,
1051 2071 1118 2138 quin
1137 2071 1166 2122 id
1185 2087 1203 2122 a
1227 2071 1329 2142 σιδήρῳ

227 2135 762 2208 quiriinhocnominelateat,quoslin
800 2136 957 2190 docendum
985 2141 1032 2202 sit,
1068 2147 1129 2204 non·
1161 2139 1329 2202 dubitamus,

226 2206 339 2274 periplo
360 2213 458 2258 nostro
472 2208 605 2274 seriptum
625 2216 667 2258 est
686 2204 764 2276 χώρα
798 2209 858 2258 sive
884 2205 960 2274 quod
990 2209 1028 2258 in¹
1051 2208 1155 2260 vicinio
1188 2209 1329 2264 Vulcanus

227 2274 481 2341 Ποσιδαριοῦντος.
494 2277 589 2328 Etiam
603 2275 764 2343 Stephanus
798 2275 933 2346 templum
953 2272 1057 2328 trabere
1076 2277 1247 2343 putabatur,
1273 2279 1328 2329 sire

226 2343 309 2395 huius
324 2343 484 2396 Sideruntis
499 2348 669 2400 mentionem
685 2345 763 2407 iacit,
817 2348 873 2398 uod
892 2357 990 2397 revera
1007 2346 1035 2395 in
1054 2347 1109 2397 isto
1135 2348 1329 2412 promontorio

228 2427 416 2482 quamquam,
443 2413 479 2468 ad
505 2431 586 2482 quam
612 2423 718 2466 terram
738 2415 763 2464 is
797 2361 904 2468 Versum
923 2411 1122 2466 effodiebatur.
1145 2414 1329 2476 Postremum

226 2483 305 2532 locus
319 2481 483 2548 pertineret,
497 2497 555 2534 non
570 2483 692 2534 addidit.
715 2481 763 2533 Sic
798 2491 830 2534 ut
856 2485 891 2536 ad
912 2479 1061 2550 Olympum
1089 2487 1276 2544 revertamur,
1294 2493 1330 2534 tc

227 2549 458 2618 eninapuoeum
473 2551 593 2620 legitur:
607 2552 762 2618 Σιδαροῦς,
797 2554 919 2604 nentium
939 2559 998 2611 est,
1017 2567 1033 2602 e
1054 2567 1079 2602 m
1098 2550 1185 2602 hodie
1205 2553 1230 2603 D
1241 2550 1328 2604 elilt·

226 2615 463 2687 πόλιςκαὶλιμήν,
487 2624 637 2672 Aenostrn
650 2620 762 2687 quidem
797 2621 925 2683 tasoh,
955 2567 1202 2691 quostignilieat
1234 2636 1328 2688 rupem

225 2687 668 2754 iudicioinillopromontorio,
688 2687 763 2755 qood
797 2690 986 2756 perforatam,
1041 2689 1121 2740 dicit·
1182 2689 1238 2741 Sed
1281 2689 1329 2740 hoc

227 2757 358 2810 ultimum
376 2755 411 2806 ad
427 2760 647 2824 septentrionem
662 2773 762 2810 sersus
796 2760 977 2812 strenuos-abile
1002 2765 1061 2825 est,
1088 2759 1119 2809 in
1144 2759 1276 2809 omnibus
1293 2761 1329 2808 in·

227 2833 288 2891 est,
324 2824 392 2877 urbs
424 2828 569 2898 Σιδηροῠς
593 2826 665 2889 iuit3
697 2841 761 2876 nam
796 2831 1014 2896 scriptionibus,
1033 2841 1106 2894 quae
1127 2843 1143 2878 a
1163 2825 1329 2880 Beaui‘ortio

226 2901 358 2964 oportere
367 2895 404 2962 'jd
422 2898 464 2948 ita
479 2912 548 2962 esse,
567 2895 760 2954 hincconrlu·
795 2897 824 2948 in
843 2899 934 2950 ruinis
952 2898 1057 2950 veteris
1069 2895 1183 2962 Olympi
1203 2903 1329 2962 repertae

227 2963 351 3016 siendum
386 2971 444 3026 est,
481 2965 554 3031 qood
591 2979 608 3014 a
644 2962 761 3028 Scylace
795 2967 989 3030 sunt,m·bem
1010 2981 1065 3014 non
1085 2964 1238 3036 Olympum
1258 2967 1330 3015 inco-

227 3031 362 3098 templum
396 3032 533 3099 Vulcani,
571 3031 643 3100 qood
675 3047 761 3097 supra
796 3035 895 3102 lasqoe
931 3037 1118 3104 Olympenos,
1162 3033 1213 3084 sed
1256 3033 1328 3084 illam

228 3099 407 3163 eanrfuerit,
426 3106 675 3152 commemorator.
693 3102 760 3151 Cum
794 3097 936 3158 Ὀλυνπὸν
988 3112 1017 3155 et
1058 3099 1109 3152 hos
1142 3095 1328 3170 Ὀλννπηνοός

227 3175 320 3221 autem
345 3185 361 3221 e
387 3169 554 3222 Beaufortio
579 3170 712 3230 sciamus,
730 3169 760 3218 in
797 3173 864 3226 dici.
912 3173 999 3224 Nullis
1025 3183 1079 3220 non
1101 3169 1224 3222 alienum
1243 3173 1327 3221 visum

227 3237 333 3290 vicinia
350 3240 455 3291 veteris
475 3239 586 3306 Olympi
599 3238 761 3290 etiamnunc
796 3248 855 3304 est,
884 3257 965 3294 unam
994 3254 1087 3292 earnm
1113 3238 1327 3304 inscriptionum

225 3307 323 3378 iugum
368 3307 492 3376 flagrans
534 3323 595 3360 esse
636 3307 762 3371 (turcico
796 3309 1257 3378 cumlegentibuscorrsmunicare.
1285 3309 1328 3358 list

221 3375 326 3446 'lingua
355 3375 477 3429 Yanar
506 3375 644 3438 dicitur),
680 3376 761 3426 coisse
796 3388 888 3430 autem
910 3378 995 3431 liaeo:

225 3461 336 3566 'simui
359 3442 761 3566 lllttliimttlt'lt
863 3477 1267 3602 ssssssfflgfyffl

127 3617 129 3622 .
226 3582 343 3636 montio.
391 3584 435 3635 De
478 3579 532 3634 hoc
569 3588 664 3632 niente
706 3579 761 3632 Pli-
863 3611 1283 3670 MONANTWNEJNON

226 3652 289 3734 nius
316 3648 385 3702 haec
410 3649 493 3703 habet
517 3650 629 3732 vum?
669 3649 762 3731 Lycia
864 3681 1253 3738 ΕΕΚΑΕΤΟΝΑΡΜΕΝ

158 3787 162 3798 ’
225 3725 583 3841 iiif'sitiimffil‘li?
603 3733 762 3838 ‘altatio
861 3750 1249 3806 nasammonas

226 3853 357 3924 noctibus
381 3825 524 3928 flagr’ans,
553 3854 760 3924 Hephaestioni
863 3817 1250 3944 gffiffisifffflggglg

225 3926 393 4007 ⁰¹th⁸a⁸t
418 3929 480 3996 ipsa
503 3941 588 3996 saepe
616 3923 760 4005 flagranti:
861 3964 885 4012 Α
893 3961 922 4010 Η
928 3961 955 4012 K
960 3961 981 4010 A
990 3958 1035 4010 10
1044 3959 1070 4010 Δ
1077 3955 1175 4008 ΗΜΘ
1183 3956 1208 4006 Ε

225 3993 281 4114 ffist
289 3989 699 4125 :wgltrslioggpaffilfflmowtllnrffi
717 3993 760 4111 lii:
862 4029 887 4080 Ε
897 4031 924 4082 Γ
930 4031 956 4082 Δ
963 4039 1000 4091 W
1008 4028 1035 4078 'P
1047 4027 1072 4077 Ε
1082 4029 1103 4077 Α
1112 4025 1137 4076 Ε
1143 4049 1176 4062 ““
1188 4024 1244 4076 ΠΛ
1253 4025 1282 4078 N

225 4133 378 4199 Campania
405 4131 563 4194 Vesuvius,
597 4129 627 4183 in
660 4129 761 4182 Sicilia
866 4093 1205 4150 ΤΑΓΑΘΟῬΔῙΕ

225 4203 331 4264 Aetna,
356 4199 410 4253 hoc
432 4201 460 4252 in
486 4201 576 4268 Lycia
599 4213 679 4250 muns
698 4195 760 4249 Olti-
