2846 4812
364 340 451 403 ΤΗΣ
476 341 696 402 ΜΕΓΑΛΗΣ
720 339 964 402 ΘΑΛΛΣΣΗΣ.
1151 338 1216 404 200

108 523 311 610 compositis
333 523 556 608 ὸίκραν...ίξῆς
575 531 670 590 κεῖται
691 522 779 600 πὸλις
792 523 959 588 Λαοδίκεια
972 523 1053 588 σταδ.
1075 521 1108 586 o!
1131 521 1214 588 Ἀιιὸ
1251 509 1256 524 ’

108 630 163 714 τοῦ
185 630 324 706 ποταμοῦ
345 627 388 702 είς
408 627 558 702 Βαλανίας
579 628 659 690 σταδ.
684 623 717 690 ο.’
752 620 833 686 'And
855 622 1013 688 Βαλανίοιν
1035 623 1079 700 εἰς
1099 613 1213 688 Λαοδί-

108 749 195 790 κειαν
224 723 466 808 εὸθυίυομοῦντι
492 724 659 810 λευκονὸτφ
689 725 739 788 ἐπί
766 719 802 788 τὸ
832 720 911 806 πρὸς
935 719 985 804 ηἰὸ
1012 727 1067 804 τοῖς
1100 722 1215 804 ὸριιτου

107 827 191 890 evod.
213 822 248 888 σί
278 819 357 890 ’And
380 828 580 913 Λαοδικείας1
594 827 637 902 εἰς
654 824 830 906 Ἡρακλείαν
851 825 933 889 στνδ.
947 820 981 886 κί
1004 820 1161 904 κάμψαντι
1181 826 1214 890 δδ

106 921 142 988 τὸ
165 921 357 1008 ἀκρωτήριον
376 924 467 1009 λιμήν
488 926 559 1002 ἔστι,
580 922 764 1006 καλούμενος
784 920 905 998 Λευκὸς
913 929 940 1000 ,²
966 925 1045 986 used.
1068 922 1112 990 i.“
1131 921 1212 992 'Ant

108 1029 234 1088 Λευκοῦ
253 1023 371 1106 λιμένος
386 1026 436 1090 decl
453 1025 560 1109 κώμην
576 1024 764 1107 καλουμένην
773 1027 940 1109 Πασιερίαν
950 1029 965 1068 ³
977 1025 1057 1088 σταὸ.
1076 1020 1109 1088 t!
1131 1021 1214 1090 Ἀιιὸ

107 1131 164 1207 τῆς
184 1122 288 1211 κώμης
309 1123 354 1190 ἐπ’
366 1125 474 1214 dapar,
489 1126 629 1190 Helico*
640 1125 837 1206 καλουμένην,
858 1127 939 1192 σταδ.
954 1123 1008 1206 ρκ’
1036 1121 1117 1190 Ἀπὸ
1125 1123 1213 1209 Ἦρα-

107 1227 209 1302 κλείας
230 1225 280 1290 ἐπὶ
294 1224 540 1315 Ποσείδιοναὸν
553 1227 721 1308 ἐαίτομονῦ
740 1225 819 1288 σταδ.
832 1223 866 1308 p!
889 1222 969 1289 Ἀπὸ
992 1222 1024 1288 δὲ
1045 1230 1099 1307 τῆς
1118 1224 1214 1309 ίίκρας

106 1407 189 1484 200]
229 1407 373 1484 Deinceps
400 1409 469 1466 urba
490 1418 535 1466 est
553 1405 703 1465 Laodicea.
742 1405 781 1481 [Α
800 1405 886 1462 Ploto
907 1406 996 1464 lluvio
1016 1407 1053 1464 ad
1072 1407 1213 1466 Balaneas

108 1485 214 1560 stadia·
225 1484 284 1560 70]
324 1483 503 1542 ABalaneis
524 1486 560 1542 ad
579 1484 752 1541 Laodiceam
771 1492 853 1539 recta
873 1485 1024 1562 naviganti
1043 1483 1214 1541 ventoleu-
1267 1547 1270 1566 ι

108 1569 215 1616 eonoto
243 1561 279 1617 ad
306 1561 448 1618 orientem
475 1562 708 1636 septentrionum
733 1556 823 1614 llante
849 1558 943 1615 stadia
975 1561 1041 1617 200.
1086 1561 1110 1616 Α
1138 1560 1213 1617 Lao-

109 1635 192 1692 dicea
212 1634 248 1692 ad
268 1635 439 1693 Heracleam
463 1637 557 1694 stadia
575 1637 622 1691 20.
661 1633 869 1691 Promontorio
889 1646 1027 1709 superato
1047 1645 1092 1692 est
1111 1647 1214 1711 portua

108 1721 230 1768 vocatus
249 1711 348 1769 Albus.
375 1711 451 1770 Sunt
470 1711 563 1770 stadia
582 1713 627 1768 30.
667 1711 710 1767 Ab
730 1709 796 1766 albo
816 1721 901 1784 portu
923 1710 959 1765 ad
982 1712 1090 1782 vicum,
1115 1713 1214 1787 appel-

108 1789 202 1842 latum
221 1787 389 1860 Pasieriam,
416 1789 511 1846 stadia
533 1789 580 1844 30.
619 1787 728 1844 Arieo
749 1786 785 1841 ad
812 1787 1052 1860 promontorium,
1078 1797 1213 1846 vocatum

105 1861 252 1942 Nigrum,
278 1864 372 1920 stadia
394 1865 456 1922 120.
495 1865 537 1922 Ab
565 1861 710 1920 Heraclea
736 1859 772 1916 ad
784 1847 949 1919 Posidium
975 1873 1055 1920 recta
1080 1863 1127 1920 via
1153 1872 1214 1919 sta·

48 1981 51 1986 .
109 1937 158 1995 dia
185 1941 250 1995 100.
289 1939 314 1996 Α
339 1942 541 2016 promontorio
567 1937 686 1997 Posidio
713 1937 750 1994 ad
777 1938 913 2014 oppidum
939 1937 1091 1996 Sidoniam
1119 1939 1214 1996 stadia

108 2129 179 2194 τείας
213 2125 374 2199 ἀνάμεστος.
412 2133 442 2184 ln
475 2147 576 2202 apogr.
603 2135 645 2186 sic
678 2139 734 2184 tem
755 2147 853 2183 versus
870 2132 1048 2186 aedificatum
1066 2139 1119 2187 est.
1158 2131 1214 2186 Ve-

111 2208 170 2251 est:
216 2193 443 2268 ειίθυδρομοῦντι
479 2198 645 2273 λενκοιδτῳ-
678 2201 748 2252 teris
780 2202 889 2269 gloriae
921 2200 992 2252 nihil
1023 2208 1113 2253 restat
1143 2201 1215 2264 fera,

112 2265 158 2322 ἐπὶ
177 2261 212 2321 τὸ
231 2262 302 2337 πρὸς
320 2265 361 2336 rici
386 2272 436 2338 τῆς
456 2265 561 2337 ἄρκτου
581 2267 644 2324 oed-
678 2271 731 2319 nisi
758 2271 881 2336 porticus
909 2270 1047 2322 columnis
1066 2269 1212 2321 corinthiis

111 2337 162 2390 δια
181 2351 205 2390 c.
229 2339 295 2388 Cum
312 2341 488 2407 aliquatenus
504 2340 589 2391 rerba
603 2341 645 2390 in·
678 2344 708 2389 et
731 2353 813 2388 arcus
835 2336 1016 2404 triumphalis
1040 2340 1115 2390 altus
1137 2340 1214 2391 intra

108 2404 439 2474 telligipossiot,nihil
459 2411 643 2461 correximus.
678 2407 798 2474 triginta
819 2414 847 2457 et
867 2407 1168 2474 quadragintapedea.
1215 2441 1218 2448 ι
1264 2448 1269 2460 ,

148 2475 270 2538 l)Quae
293 2478 379 2528 rerba
404 2484 434 2527 ut
458 2482 532 2528 recte
562 2478 645 2527 intel·
712 2479 739 2535 2)
760 2475 841 2532 llunc
856 2481 969 2542 portum
985 2483 1100 2542 propter
1118 2476 1213 2526 album
1312 2521 1316 2528 .

109 2542 254 2610 ligantur,
281 2545 426 2597 sciendum
444 2551 514 2607 est,
544 2546 646 2596 lmorli·
680 2545 820 2604 colorem,
845 2545 925 2594 ouius
944 2544 1065 2610 speciem
1085 2557 1213 2611 promon-

110 2626 188 2662 eeam
221 2613 251 2662 in
282 2615 438 2666 meridiano
471 2613 554 2665 litore
582 2631 644 2682 pro·
678 2613 748 2663 torii
767 2627 815 2664 ora
835 2612 996 2679 praeberet,
1016 2625 1214 2665 nomensuum

111 2681 246 2730 montorii
270 2683 355 2732 sitam
384 2682 481 2736 fuisse.
518 2682 562 2734 De
584 2684 645 2733 situ
679 2683 823 2746 accepisse
842 2669 1071 2742 estreriaimile‚
1093 2688 1213 2733 corrrct-

109 2747 271 2800 Laodiceae
289 2747 357 2802 haec
375 2751 488 2818 scripsit
504 2752 645 2818 Appianus
678 2750 735 2800 iam
779 2748 938 2815 Stephanus
984 2751 1057 2815 Byz.
1096 2750 1217 2816 predata
1265 2805 1268 2811 ¹

109 2817 137 2867 in
157 2815 278 2868 historia
300 2819 364 2870 bell.
385 2821 437 2872 cir.
457 2819 505 2872 lV.
522 2819 569 2870 dil:
595 2837 646 2871 τιν-
679 2816 849 2886 Λαοδίκεια,
873 2814 955 2880 πόλις
978 2820 1028 2886 τῆς
1044 2817 1169 2885 Συρίας,
1194 2814 1213 2886 ἦ

108 2881 234 2952 θόμενος
251 2881 282 2938 δὲ
299 2887 347 2955 τῆς
359 2887 485 2941 Κασσίου
503 2889 637 2953 στρατιαῖς
679 2880 818 2954 πρότερον
850 2882 939 2954 Λευκὴ
970 2880 1051 2954 'Auri
1077 2883 1214 2956 λεγομένη

110 2949 139 3014 ἐς
153 2953 328 3008 Λαοδίκειαν
351 2956 460 3018 οἰκείως
483 2954 600 3024 ἔχουσαν
618 2927 647 3009 ol
678 2955 727 3006 καὶ
744 2949 799 3022 πρὸ
819 2951 923 3008 τούτου
941 2950 1089 3023 Ῥοίμινθα.
1256 2981 1260 2988 ·

109 3023 265 3090 παρῆλθεν,
285 3019 332 3075 tut
349 3041 378 3077 τε
397 3023 567 3094 χιῤῥουήσου
585 3041 647 3078 συν-
713 3024 740 3084 3)
765 3025 857 3074 Huius
883 3025 940 3075 rici
963 3031 1078 3090 praeter
1103 3025 1214 3090 Anony-

109 3107 179 3158 ῳκισ
200 3085 272 3158 dupe,
290 3091 338 3144 καί
351 3087 386 3144 τὸ
404 3090 433 3144 ἐκ
447 3095 496 3160 τῆς
512 3095 562 3162 γῆς
578 3087 647 3161 ω’χν-
679 3107 754 3141 ιιιιιιυ
780 3100 907 3142 nostrum
933 3107 1016 3144 nemo
1041 3091 1215 3158 mentionem

185 3177 252 3226 νην,
272 3159 321 3213 καί
339 3157 367 3222 ἐς
383 3156 416 3214 τὸ
434 3158 554 3229 πέλανος
571 3159 646 3229 ἔχον·
679 3157 764 3222 sorita
794 3168 888 3210 utrum
913 3162 1003 3228 igitur
1028 3175 1129 3212 nomen
1155 3159 1214 3211 Pa·

111 3220 286 3293 caederem,
310 3221 381 3282 ὅθεν
402 3227 510 3295 ἔμελλεν
528 3226 646 3297 ετίτιορή-
679 3228 796 3279 sieria
819 3238 927 3279 rectum
954 3231 993 3280 sit
1011 3243 1113 3292 necne,
1137 3228 1215 3280 nulla

110 3309 169 3347 σειν
187 3313 217 3347 τε
236 3288 343 3362 ἀγοραῖς
362 3291 419 3350 sind
437 3293 581 3366 θαλάσσης
598 3296 647 3350 καί
680 3311 711 3346 re
734 3297 846 3361 probari
869 3303 971 3362 potest.

110 3355 204 3424 οἶδεοῖς
230 3357 276 3416 ὅτε
305 3362 436 3436 {lodicum
464 3361 647 3419 αἰιοπλευσεῖ·
713 3365 741 3419 al
760 3364 819 3416 Nec
837 3363 920 3414 huius
935 3363 1124 3431 promontorii
1140 3362 1215 3414 ullus

111 3432 190 3484 σθαι.
210 3423 251 3484 ὦν
268 3431 472 3520 αίσθανόζιευος
489 3429 506 3488 d
523 3431 647 3494 Κάσσιος
680 3431 754 3482 alius
772 3434 957 3496 recordatur,
984 3431 1034 3484 sed
1061 3446 1146 3499 quum
1167 3447 1213 3483 ne·

109 3497 159 3552 καί
179 3495 280 3562 δεδιὸς
301 3497 338 3571 μὴ
363 3499 451 3556 αυτὸν
476 3498 646 3625 dactopdt-
680 3515 734 3567 que
761 3516 861 3553 noman
887 3517 937 3568 per
962 3515 992 3552 se
1028 3499 1216 3565 improbabile
1291 3521 1298 3526 ·

111 3571 161 3630 λας
179 3566 334 3638 διαφύγοι,
352 3568 446 3626 τόντε
465 3566 567 3639 ἰσθμὸν
597 3587 648 3639 χον
679 3568 740 3618 ullo
769 3576 853 3636 pacto
879 3571 932 3638 sit,
961 3577 990 3621 et
1015 3583 1090 3620 oram
1112 3567 1215 3634 Syriae

113 3633 263 3690 διστάδιον
287 3633 372 3704 ὄντα,
398 3641 499 3702 λίθους
522 3638 571 3693 καί
594 3640 648 3692 ποῖ·
680 3637 815 3700 aciamm,
839 3639 922 3690 valde
946 3652 1075 3706 asperam
1101 3644 1130 3688 at
1147 3637 1215 3688 scis·

112 3698 484 3844 conluctatur
507 3707 649 3843 tritu
680 3706 1159 3842 rtrnnrttrrurtr‘
1178 3703 1215 3756 ‘¹⁶
1275 3716 1279 3728 ’

110 3837 160 3894 ἐπί
182 3841 251 3904 ναὸς
270 3795 510 3912 τιεοιε’τιεμτιενμίίςἶ
529 3863 558 3898 τε
584 3846 648 3897 Φοι·
714 3845 743 3906 b)
779 3846 954 3914 Reliquimus
997 3839 1047 3898 τὸν
1081 3838 1215 3910 ἐπίτομον

109 3909 192 3978 νίκην
217 3909 266 3974 καί
285 3913 393 3966 Λυκίαν
416 3913 464 3966 καὶ
487 3907 594 3966 Ῥόδον,
614 3939 647 3952 --
681 3909 799 3980 propter
833 3916 933 3966 πλοῦν.
994 3913 1080 3964 Haud
1129 3911 1215 3964 dubia

111 3977 273 4030 Pococlriur
292 3980 570 4034 Gallusinreniebat
588 3983 649 4049 qui·
681 3982 776 4034 dicere
809 3983 901 4033 voluit
934 3983 1074 4048 scriptor:
1109 3985 1217 4032 recta

109 4047 177 4100 dem
203 4049 358 4100 etiamnum
390 4066 511 4122 aggeres
537 4058 648 4117 portus,
680 4051 757 4113 via,
784 4065 836 4117 pro
859 4065 914 4118 quo
933 4050 1017 4101 alias:
1040 4043 1084 4103 ἐπ’
1101 4043 1217 4110 εὐθείας

111 4116 164 4167 sed
193 4121 303 4184 portum
327 4119 420 4185 ipsum
452 4135 539 4172 arena
566 4119 649 4170 obru·
680 4119 759 4172 dicit.
779 4117 983 4181 Posidium,
1001 4117 1161 4170 aPlinioV.
1172 4119 1215 4177 21),

112 4191 180 4238 tum.
217 4187 300 4248 Quod
328 4185 413 4240 bodie
442 4188 575 4256 oppidum
605 4186 648 4238 ibi
680 4187 845 4240 Ptolemaeo
864 4187 896 4239 V.
911 4188 958 4250 15,
975 4187 1118 4239 Strabone
1136 4185 1214 4237 XVl.

112 4257 172 4314 eat,
199 4253 236 4306 ab
259 4256 377 4325 antiqua
397 4257 467 4311 urbe
492 4253 528 4311 ad
553 4256 647 4310 orien·
679 4272 708 4326 p.
717 4258 770 4311 155
779 4261 1034 4320 connumeratum,
1043 4253 1218 4308 hodiel’os·
