2872 4814
342 365 429 446 aas
453 385 673 446 maranae
700 384 945 444 ΘΑΛΑΣΣΗΣ.
1132 382 1193 446 aab

88 573 171 634 crab
186 568 218 634 τ’.
243 554 322 636 Ἀπὸ
339 569 372 634 di
388 569 544 652 Κορακίου
559 569 604 642 είς
618 568 716 649 Σίδην
729 569 810 632 orari.
824 565 858 632 ν’.
881 564 961 630 Ἀπί
973 565 1068 646 Σίδης
1082 566 1124 642 είς
1139 561 1193 630 τὸν

87 667 278 753 Ἀκρᾶμιιντα
299 671 380 732 crud.
403 689 458 754 με.
500 665 582 731 Ἀπὸ
613 670 708 750 Σίδης
736 670 778 743 είς
808 666 1012 730 Σελεύκειαν1
1046 667 1128 730 crud.
1151 661 1190 728 τί.

88 830 185 887 Sidam
211 829 305 886 stadia
330 829 376 887 50.
416 829 440 886 Α
466 828 537 886 Sida
564 827 600 883 arl
626 828 783 892 Acamanta
810 827 905 884 stadia
942 791 1022 883 laun.
1070 825 1094 882 A
1121 823 1192 881 sida

87 907 122 964 ad
143 905 305 964 Seleuciam
326 904 421 965 stadia
439 907 484 963 80.
513 903 546 962 -Α
566 902 701 961 Seleucia
718 903 754 962 ad
774 923 890 962 emnem
909 902 1115 980 navigabilem,
1138 918 1192 958 nu-

89 1082 136 1133 pro
161 1062 305 1133 Koudetos
326 1067 373 1117 rix
403 1067 551 1133 quisquam
575 1079 621 1116 aa·
658 1061 744 1132 ἱερόν.
782 1067 842 1118 liae
862 1065 974 1128 llumen,
995 1063 1070 1182 ηαυιί
1088 1061 1191 1114 Strabo

88 1135 349 1200 gaverit.lllensura
363 1131 437 1186 falsa
455 1143 507 1194 eat,
523 1140 620 1200 estque
656 1139 875 1194 commemorat,
903 1149 958 1186 aon
977 1147 993 1184 a
1017 1133 1078 1182 dito
1098 1136 1190 1182 taurea

89 1199 207 1256 fortasse
223 1197 248 1256 κ’
265 1203 460 1264 scribendum,
492 1219 543 1254 nee
565 1217 621 1252 rna·
657 1203 834 1265 nomine‚et
853 1219 870 1254 a
889 1201 1056 1254 lleaulnrtio
1087 1216 1112 1266 p.
1144 1201 1191 1249 142

88 1274 130 1340 gis
168 1279 262 1324 rectus
286 1287 406 1340 sequens
432 1287 564 1322 nutrieras
587 1267 619 1324 ν’.
656 1271 847 1324 etaLealrlo
866 1287 892 1338 p.
914 1271 963 1324 195
985 1275 1191 1336 repertumst,

89 1343 158 1392 Num
188 1339 265 1392 sorte
292 1336 466 1392 e'exciditi
503 1340 531 1392 Si
565 1341 621 1392 vel·
655 1339 703 1407 qui
721 1345 814 1392 tamen
836 1357 890 1392 non
917 1340 1007 1406 magis
1025 1353 1124 1390 recena
1146 1354 1193 1388 ου·

88 1410 174 1478 lenius
192 1417 340 1476 utramque
364 1424 521 1460 memorem
544 1409 620 1460 inter
655 1423 719 1460 naen
745 1411 874 1475 accipere
905 1414 1075 1476 potuerunt.
1109 1422 1191 1472 quam

87 1494 115 1529 se
136 1485 323 1540 conmunire,
358 1485 434 1529 esset
458 1477 619 1528 existiman·
654 1475 757 1529 Strabo
777 1469 933 1544 pristinum.
971 1479 1048 1540 Quas
1068 1473 1192 1526 eurohic

89 1547 166 1608 duna,
198 1555 311 1613 portum
337 1547 439 1612 Coryci
463 1547 492 1596 in
524 1546 618 1598 altero
655 1563 723 1612 prae
748 1546 831 1597 ostiis
853 1546 977 1598 fluminis
995 1545 1191 1598 mallasinsu-

88 1615 273 1682 pr'umontorii
291 1615 391 1677 latere,
410 1616 485 1684 quod
504 1615 617 1682 quidem
653 1616 694 1666 λινε
714 1631 813 1681 parvas
830 1614 919 1666 fuisse
940 1615 1025 1676 dicit,
1046 1629 1097 1664 eae
1117 1622 1190 1664 reate·

87 1685 221 1736 orlentem
239 1698 337 1734 versus
362 1691 422 1746 est,
441 1683 544 1742 luisse,
561 1697 617 1750 quo
653 1699 705 1734 nus
723 1693 915 1746 evanuerunt,
938 1691 969 1734 ut
988 1687 1096 1746 tantum
1116 1697 1190 1732 cunr·

88 1757 117 1802 ut
128 1753 332 1819 perveniretur,
346 1751 466 1806 fortasse
481 1753 617 1820 quinquu-
654 1752 748 1819 plures
768 1753 897 1818 scripuli,
924 1752 1027 1819 partim
1054 1752 1123 1800 mari
1144 1751 1190 1800 ab·

88 1823 166 1890 ginta
184 1819 280 1872 stadia
298 1821 474 1873 conficienda
493 1819 584 1873 luere.
651 1822 736 1882 teeti,
755 1827 946 1888 eonrpareaut‚
971 1820 1191 1870 Flunrenautem

121 1893 144 1953 l)
165 1892 247 1941 lianc
261 1890 417 1942 Seleuciam
438 1889 544 1940 anullo
559 1889 616 1940 aliu
652 1889 816 1958 navigabile
840 1895 892 1944 est.
937 1892 976 1940 dc
1004 1903 1054 1939 nos
1082 1885 1192 1938 Leukiu

87 1957 211 2010 ridemus
237 1965 499 2020 connumeratam,
535 1972 618 2025 quam
655 1971 769 2024 perorsos
803 1959 833 2008 in
872 1975 905 2012 eu
939 1958 1116 2018 assentimur,
1142 1969 1192 2022 pro

88 2043 167 2078 uuam
191 2042 252 2078 esse
277 2043 311 2078 ex
335 2026 394 2080 iilis
418 2043 518 2078 aurem
543 2027 619 2078 urbi·
653 2038 731 2078 certo
774 2025 936 2079 habendum
979 2043 1060 2089 esse,
1106 2040 1193 2091 supra

89 2095 135 2145 bue
153 2113 172 2146 a
190 2097 307 2148 Seleuco
327 2096 462 2148 Nicatore
486 2095 619 2156 conditis,
654 2098 739 2147 istius
758 2093 883 2148 fluminis
906 2097 1013 2164 ripam,
1042 2095 1192 2162 aliquanto

88 2165 174 2230 quiris
190 2163 343 2234 intelligit,
362 2165 397 2218 de
414 2179 501 2232 eaque
524 2179 554 2216 re
576 2159 630 2216 ita*
655 2181 673 2215 a
704 2164 775 2214 mari
810 2166 904 2230 spatio
947 2165 1074 2227 distans,
1117 2163 1190 2213 illud

87 2233 157 2298 apud
181 2235 337 2300 Appianum
355 2241 407 2286 est
431 2234 465 2284 de
489 2234 549 2286 reb.
568 2231 620 2298 Sy·
655 2240 737 2286 retus
759 2231 871 2303 Syllion
897 2231 1001 2294 fuisse,
1028 2231 1102 2300 quod
1127 2230 1193 2296 Scy-

88 2303 151 2354 riae.
172 2303 221 2353 5i:
243 2298 339 2364 πόλεις
358 2299 389 2356 ab
406 2297 505 2355 οἴκισεν
523 2297 570 2354 let
587 2295 619 2353 τὸ
655 2303 701 2352 lar
728 2306 757 2352 et
783 2303 919 2352 Arrianus
953 2307 984 2352 et
1011 2300 1193 2352 Ptolemaeus

88 2369 169 2437 μῆκος
188 2390 236 2438 της
255 2389 341 2440 αςχης
360 2374 446 2440 ὀλης,
474 2367 621 2423 ἑκκαίδεκα
655 2377 684 2422 et
711 2368 872 2436 Stephanus
892 2371 1131 2422 commemorant.
1167 2370 1192 2420 ls

88 2434 132 2504 niv
155 2433 335 2506 Ἀντιοχείας,
365 2435 412 2492 ieri
443 2441 483 2510 τῷ
514 2438 619 2505 πατρί·
654 2440 706 2500 vir,
726 2453 896 2506 quanrquam
920 2439 955 2490 ab
970 2439 1070 2504 .lllaya
1087 2437 1122 2488 ad
1142 2437 1191 2488 Ca-

89 2502 166 2562 πίυτε
195 2504 226 2560 bb
251 2504 297 2566 ἐπὶ
321 2509 357 2576 τῆ
383 2508 481 2576 μητρὶ,
516 2508 620 2560 Λαοδι-
655 2508 768 2559 stallum
788 2509 915 2560 Rubrum
935 2505 1192 2573 (hodiellasteb

88 2575 177 2638 τείας·
209 2571 290 2628 ἐννέα
319 2565 346 2629 δ’
368 2572 532 2644 ἐπωνύμους
557 2571 621 2627 ίαν·Ἰ
655 2577 791 2633 lorino)
820 2577 955 2644 navigans
979 2576 1008 2626 iu
1035 2575 1117 2626 ostiis
1143 2574 1192 2626 llu-

89 2645 136 2694 rari
143 2657 150 2671 ·
168 2640 305 2712 τέσσαρας
324 2639 348 2698 δ’
358 2641 405 2698 ἐπί
422 2649 485 2706 ταῖς
501 2644 621 2712 γυναιξί,
656 2647 693 2695 rii
725 2645 838 2712 appulit
868 2645 964 2713 ibique
999 2653 1125 2696 moratus
1154 2645 1192 2694 bl-

89 2715 156 2776 τςεῖς
172 2705 332 2779 Ἀπαμείας,
353 2713 401 2766 καί
424 2712 621 2779 Στρατονίκει-
657 2716 742 2764 duum
761 2719 818 2776 est,
836 2714 1084 2780 νεωτεροποιία,
1105 2721 1135 2765 ut
1154 2713 1193 2762 ri·

90 2797 122 2830 αν
137 2780 215 2847 μίαν.
241 2779 290 2834 καί
314 2781 384 2834 εἰσιν
408 2774 503 2834 αὐταῖν
520 2777 620 2848 ἐπιφα-
656 2783 748 2845 detur,
767 2783 884 2850 urinaria
906 2783 1028 2849 navigii,
1049 2796 1103 2831 aon
1123 2784 1194 2833 ulte·

89 2843 217 2901 νίοταται
233 2847 282 2902 καί
298 2851 359 2916 νῦν,
378 2846 541 2904 Σελεύκειαν
561 2847 619 2916 μὲν,
656 2853 717 2902 rius
746 2849 860 2902 llunrine
886 2850 1005 2902 adverso
1039 2851 1193 2919 navigavit.

89 2907 105 2982 ἦ
126 2935 154 2970 τε
180 2913 228 2970 ἐπί
251 2919 286 2987 τῇ
301 2915 447 2989 θαλάσση,
471 2917 520 2971 καί
539 2913 556 2985 ἡ
574 2914 621 2970 ἐπί
655 2919 737 2984 Quod
764 2919 936 2983 elicuisset,
962 2919 1112 2986 oportebat
1131 2935 1194 2972 eum
1230 2919 1233 2926 ’

89 2986 136 3036 τοῦ
166 2985 303 3070 Τίγρητος
333 2989 477 3054 ποταμοῦ·
514 2987 619 3038 Auadi—
655 2989 777 3058 vestigia
801 2990 908 3040 veteris
940 2989 1026 3054 Syllii
1058 2991 1192 3056 reperire.

89 3069 145 3104 κεια
164 3051 197 3106 δὲ
213 3073 231 3121 η
249 3051 280 3106 ἐν
297 3057 332 3123 τῇ
349 3055 481 3138 Φοινίκη,
505 3048 619 3107 καίἏν-
656 3059 687 3109 Ιιί
714 3065 810 3109 autem
834 3058 863 3108 in
892 3055 944 3108 hac
971 3057 1089 3126 regione
1118 3060 1194 3112 inter

90 3117 193 3206 erdpepu
216 3118 235 3188 ἡ
258 3118 314 3175 ὑπὸ
340 3125 380 3193 τῷ
402 3111 516 3194 Arduum
549 3117 619 3191 ὄρει,
654 3127 895 3193 Eurymedontem
925 3132 954 3177 et
979 3125 1074 3177 Sidam
1107 3129 1194 3180 situm

89 3189 166 3258 κοίη
185 3192 233 3258 τῆς
249 3191 359 3258 Συρίας
374 3187 511 3259 Ἀποίμεια.
539 3194 619 3254 Quae
653 3195 758 3256 luisse,
783 3197 812 3246 in
839 3192 891 3245 hoc
917 3210 1013 3246 omnes
1037 3195 1098 3258 illi,
1123 3211 1195 3264 quos
1275 3204 1278 3216 '

91 3259 619 3332 rerba,uttantoritaliusintelligan-
656 3265 733 3326 dixi,
761 3265 954 3314 corrsentlunt.
992 3263 1194 3332 Adiungnboa

91 3332 147 3392 tur,
189 3326 260 3378 haee
288 3344 379 3395 pauca
410 3330 540 3380 addimus
583 3343 621 3380 ex
654 3332 735 3383 lacos
779 3333 950 3397 scriptorum
1000 3331 1193 3382 laudatarum:

90 3393 209 3463 Zumptii
235 3398 382 3449 annalibus
407 3415 434 3464 p.
462 3399 510 3450 33:
543 3399 621 3449 Anti·
656 3401 777 3467 primum
806 3399 921 3466 quidem
947 3399 1077 3464 Scylacis
1096 3416 1121 3466 p.
1142 3401 1191 3450 39:

89 3477 158 3529 gono
182 3465 219 3516 ad
241 3467 330 3516 lasum
348 3467 459 3518 devicto
479 3475 508 3518 et
523 3465 620 3518 occiso
654 3464 739 3522 Μετοὶ
767 3465 799 3522 δὲ
823 3466 932 3520 Λυκίαν
956 3461 1013 3520 ἐστί
1036 3468 1193 3536 Παμφυλία

91 3531 219 3584 Seleucus
238 3533 356 3589 Nicator
370 3535 620 3603 superior·is1isiae
655 3536 753 3600 ἔθνος,
778 3536 826 3589 καί
853 3531 949 3598 πόλεις
971 3532 1000 3589 iv
1019 3531 1092 3606 αὐτῇ
1110 3537 1192 3590 uide·

90 3600 228 3654 ‹lorrriaus›
249 3601 363 3668 Syriam
392 3619 426 3654 ac
458 3605 620 3671 lllesoputa·
649 3601 799 3667 ’Ἆσπενδος
809 3602 906 3672 πόλις,
926 3605 963 3666 είς
976 3599 1194 3672 ταύτηυὸιῖνοί-

91 3671 187 3734 uriam,
205 3671 380 3733 Armeniam,
403 3674 621 3740 Cappadociam,
656 3676 745 3736 πλους
763 3674 879 3742 γίνεταί
889 3668 961 3727 αυτοὶ
978 3667 1114 3740 ποταμὸν,
1134 3669 1193 3727 tal

91 3737 215 3791 Ciliciam
236 3748 372 3807 occupat3
406 3742 490 3794 urbes
515 3749 574 3794 tres
593 3750 623 3793 et
656 3738 784 3812 ποταμὸς
802 3739 876 3796 ἐστίν
903 3736 1084 3809 Ειίρυμὲδων,
1121 3739 1193 3796 Εἶτα

91 3809 276 3882 quadraginta
302 3809 401 3860 condit
430 3825 480 3877 per
509 3810 622 3877 amplis·
656 3807 738 3874 πόλις
760 3808 889 3878 Σίλλου,
915 3806 985 3878 ίίλλη
1013 3808 1095 3874 πόλις
1118 3812 1194 3880 Σίδη

92 3876 186 3927 siarum
222 3894 361 3946 regnunt,
397 3895 516 3946 quornm
550 3879 621 3930 cele·
656 3879 793 3947 Κυμαίων
813 3873 934 3933 οἷποικία
951 3878 999 3930 καί
1017 3877 1114 3949 λιμήν;
1145 3884 1195 3932 Αε-

93 3942 229 3998 berrimae
261 3947 392 3998 Seleucia
424 3948 462 4010 ad¹
498 3947 621 4016 Tigrim,
658 3950 732 4000 riarri
751 3949 851 4016 exped.
871 3948 948 3998 Alex.
968 3949 990 3998 l.
1011 3948 1059 4000 26:
1081 3953 1194 4002 καταλι-

93 4013 238 4066 llatlochia
265 4015 301 4066 ad
330 4017 475 4070 Orontem.
513 4017 618 4068 Strabo
653 4011 715 4070 acie
742 4015 772 4070 bi
808 4011 939 4100 mpoopciv
974 4012 1004 4069 ἐν
1038 4020 1073 4088 τῇ
1107 4019 1191 4088 Σίδῃ,

94 4077 158 4134 haec
196 4083 295 4136 docet*
316 4084 393 4138 XlV.
430 4101 456 4153 p.
477 4083 545 4139 tta:
571 4079 620 4138 εἶτ’
653 4081 756 4170 πηοῄει
778 4081 824 4138 ἐπὶ
849 4087 989 4153 Συλλιον,
1007 4079 1192 4171 χαηίονόχυ-

92 4143 171 4214 ἄλλος
194 4146 335 4219 ποταμὸς,
366 4154 416 4207 καί
443 4153 525 4221 νησία
551 4171 618 4220 προ·
652 4173 706 4221 ρον
730 4153 777 4207 καί
795 4149 930 4222 φρουρὰν
947 4151 1010 4224 ἕχον
1033 4156 1118 4220 ξενον
1134 4163 1194 4222 μισ.

92 4218 198 4284 κείμενα
225 4219 333 4274 πολλοί·
361 4217 422 4277 εἶτα
446 4223 536 4290 Σίὸη,
564 4226 620 4276 Κυ-
653 4220 793 4290 beateae
820 4222 869 4276 καί
895 4216 992 4294 αὐτῶν
1015 4226 1072 4278 τῶν
1096 4217 1193 4292 tauxa.

92 4289 177 4350 μαίων
208 4285 342 4352 ἄποικος·
374 4288 429 4359 ἔχει
462 4287 487 4345 δ’
505 4286 621 4360 Ἀθηνᾶς
656 4292 725 4359 μίαν
741 4287 916 4361 admoduletur.
967 4285 1030 4344 Ἀλλ’
1062 4286 1127 4345 οὔτε
1157 4300 1189 4344 ed
