2872 4814
374 377 462 438 ΤΗΣ
489 375 711 444 ΜΕΓΑΛΗΣ
735 375 981 438 ΘΛΛΑΣΣΗΣ.
1168 379 1230 444 2⁰1
1255 412 1258 420 ·

119 559 171 626 Ἐκ
188 558 293 662 Ῥόδου
313 560 356 638 εἰς
377 555 508 648 Σάμονι
531 560 613 626 atad.
637 554 705 646 ,αωῖ
738 553 789 627 Ἐκ
806 555 912 624 ‘Pddoo
934 557 977 635 sic
1002 559 1130 626 Τένεδον
1149 563 1230 628 arad.

120 730 153 786 in
172 725 292 786 Samum
307 725 407 814 stadia
425 727 510 784 3800.
549 723 698 784 ERhodo
718 728 748 783 ln
769 723 921 788 Tenedum
941 729 1036 788 stadia
1054 729 1139 790 370⁰.
1169 727 1231 787 Na-

120 905 273 973 Caryanda
308 902 466 972 proximam
502 919 520 956 a
549 903 659 972 Myndo
694 899 753 968 aaa·
780 901 815 960 ου’
834 904 886 975 μέν
910 927 956 962 τοι
981 903 1121 978 ἐγύμνωσέ
1144 927 1174 978 ys
1198 903 1230 964 cd

118 976 210 1028 fuisse
228 975 335 1027 urbem.
367 973 450 1037 Quod
470 988 534 1026 cum
554 971 659 1042 italsit,
694 975 783 1042 τεῖχος
800 973 909 1030 πεσών·
933 976 982 1031 uui
1005 975 1033 1032 oi
1057 971 1087 1030 ἐκ
1110 979 1159 1044 τῆς
1181 975 1232 1032 πό·

118 1043 273 1114 caryanda
297 1050 346 1094 aut
374 1042 412 1094 ad
436 1041 584 1094 meridiem
610 1048 660 1094 aut
694 1036 797 1104 λεωςᾶ
818 1063 836 1097 α
851 1038 995 1113 εὐρώστως
1006 1039 1232 1134 ἅθυνόμενοικαὶ

117 1113 157 1166 ad
181 1128 211 1164 se
232 1113 404 1163 tentrionem
433 1111 468 1162 ab
495 1124 530 1162 eo
555 1107 659 1161 istbnro
694 1105 723 1162 ἐκ
737 1113 786 1179 τῆς
801 1111 1059 1184 Αλικαρνάσσουηδ
1092 1109 1231 1167 nordstet-

62 1191 68 1196 '
117 1183 176 1234 sita
208 1128 339 1240 inerunt,
371 1191 427 1248 quo
459 1194 562 1248 magna
594 1194 659 1246 pen·
694 1179 800 1232 lanoso
839 1182 939 1237 πολλοὶ
980 1134 1231 1253 παραβεβηκότες,

117 1249 226 1312 insula,
242 1249 337 1315 inqua
352 1254 518 1316 portusest,
536 1247 658 1316 qoiPa·
693 1241 804 1316 ἄπορον
831 1245 966 1319 iocinore
996 1253 1037 1321 cpi
1066 1246 1231 1374 Ἀλεξάνδρῳ

118 1317 210 1372 seba
228 1317 348 1386 dicitur,
367 1332 429 1369 cum
449 1324 526 1370 terra
545 1317 658 1368 coniun-
693 1311 743 1384 τὴν
761 1309 947 1386 αὐτοσχέδιόν
962 1337 991 1374 τε
1004 1319 1053 1376 καὶ
1071 1315 1099 1385 ἐξ
1130 1321 1231 1386 ntdpo·

119 1393 167 1441 cta
185 1393 245 1450 est,
268 1401 341 1454 quae
370 1383 444 1438 haud
470 1385 570 1448 dubie,
596 1400 659 1437 cunt
691 1385 744 1454 μῆς
760 1381 919 1455 κατάληψιν
936 1389 986 1456 τῆς
1002 1385 1134 1442 Μύνδον.

117 1454 241 1508 isthmos
267 1454 389 1506 nondum
415 1453 451 1505 ad
483 1470 543 1506 earn
573 1454 660 1520 perti·⁴
730 1453 843 1510 licum
868 1455 1070 1524 Agatbemerus
1093 1473 1111 1508 a
1130 1454 1230 1510 ilbodo

116 1532 209 1588 neret,
229 1523 280 1576 illa
295 1521 465 1585 insolaiuit,
483 1523 581 1590 inqua
598 1537 659 1589 par·
693 1519 811 1574 Cnidum
843 1526 1024 1594 septingenta
1047 1526 1143 1578 stadia
1169 1539 1231 1578 esse

117 1599 179 1648 tem
213 1591 454 1658 caryandensium
488 1589 659 1643 habitavisse
693 1589 789 1658 dicat,
814 1607 832 1644 a
850 1593 939 1644 Cnido
961 1602 1055 1647 autem
1074 1595 1161 1646 Coum
1184 1609 1232 1646 ul·-

116 1669 232 1716 reteres
257 1659 362 1714 dicunt.
400 1661 478 1712 llaec
502 1661 592 1727 igitur
617 1659 658 1710 in·
693 1656 754 1708 bem
773 1659 895 1712 ducenta
911 1667 942 1716 et
955 1663 990 1713 ab
1006 1660 1057 1714 bae
1074 1664 1104 1714 in
1118 1662 1232 1716 Samum

118 1732 184 1784 sula
202 1733 231 1782 in
248 1730 285 1782 iis
303 1729 475 1782 numeranda
495 1736 556 1790 est,
586 1743 659 1796 quae
692 1727 890 1796 septingenta,
915 1731 1104 1800 intelligitur,
1122 1747 1232 1784 mensu-

117 1799 243 1858 isthmia,
262 1797 454 1850 alluvionibus
471 1798 610 1864 paulatim
628 1812 659 1848 se
692 1810 752 1846 ram
771 1793 853 1848 boios
871 1799 973 1868 peripli
991 1807 1105 1854 cantum
1127 1799 1231 1852 stadiis

116 1867 349 1938 proferentibus,
373 1881 435 1918 cum
467 1873 544 1918 terra
561 1866 660 1918 iuncta
692 1878 753 1914 esse
772 1866 925 1930 malorena,
948 1884 1020 1937 quae
1043 1883 1131 1936 parva
1150 1866 1233 1920 diffe-

116 1944 173 1991 est.
194 1935 251 1989 Sed
267 1942 310 1988 est
325 1937 403 1986 locus
417 1934 572 2002 l’linianos,
590 1933 608 1986 l.
627 1915 660 1996 i',
693 1931 786 1984 tentia
819 1951 1000 1990 numerorum
1036 1935 1232 2006 integritatem

116 2022 141 2062 c.
161 2005 212 2070 29,
231 2019 320 2074 equo
343 2002 466 2056 forsitan
493 2003 557 2072 quis
581 2002 659 2054 colli·
692 2001 849 2067 scripturae
873 2001 924 2072 ,uni
955 2010 1085 2060 testator.
1136 2006 1232 2058 Pauca

15 2099 19 2112 ·
117 2083 187 2144 gat,
212 2073 351 2141 Myndum
376 2070 530 2124 adultum
552 2069 660 2136 Kady
693 2075 788 2122 autem
813 2072 896 2124 nobis
936 2074 970 2126 de
995 2077 1108 2128 nomine
1133 2073 1233 2128 Sami

115 2141 282 2224 Kaiassy
300 2141 422 2222 positam
447 2139 536 2222 fuisse
561 2146 590 2191 et
606 2139 659 2204 ibi,
694 2137 813 2220 dicenda
830 2141 973 2222 vidgntur,
994 2159 1058 2195 oum
1084 2159 1120 2197 ea
1144 2143 1179 2196 da
1200 2158 1232 2196 ra

115 2213 170 2265 ubi
196 2210 332 2278 Myndum
350 2208 599 2271 fuissedrxrmus,
623 2221 658 2259 ex
693 2216 807 2260 nonita
828 2224 846 2261 a
862 2225 930 2260 mrrs
948 2210 1041 2263 doctis
1057 2211 1252 2279 disputatum·

117 2283 161 2334 eis
185 2279 308 2349 aliquam
321 2278 452 2342 urbibus,
468 2294 536 2347 quas
547 2276 658 2328 Plinius
682 2285 755 2328 ,esse
775 2276 920 2342 rideatur,
938 2285 969 2330 ut
994 2294 1092 2332 eorum
1119 2277 1231 2334 sente'n·

116 2355 281 2412 enumerat,
307 2349 354 2417 qui
374 2349 416 2398 sic
435 2347 520 2400 dicit:
540 2345 658 2398 Habita·
693 2344 743 2395 tiis
775 2348 845 2398 stari
875 2347 975 2414 possit.
1025 2348 1127 2402 Strabo
1158 2345 1231 2400 locis
1316 2343 1322 2358 '

114 2424 166 2471 tor
185 2420 261 2470 inter
279 2418 350 2469 duos
364 2417 459 2478 sinus,
484 2414 659 2467 ceramicum
696 2413 815 2477 duobos,
836 2415 910 2476 Vlll,
925 2431 953 2483 p.
969 2417 1019 2470 too
1040 2423 1070 2469 at
1083 2417 1118 2479 X,
1136 2431 1163 2484 p.
1178 2417 1232 2470 488

25 2481 28 2488 ’
115 2495 148 2540 et
169 2488 282 2540 lasium.
319 2486 387 2540 lnde
405 2483 529 2552 Myndos
554 2490 583 2536 et
610 2482 660 2533 ubi
695 2481 779 2545 dicit,
799 2483 969 2538 altitudines
990 2486 1126 2538 montium
1149 2501 1231 2538 are·

115 2557 177 2610 fuit
213 2554 434 2621 Palaemyndus,
475 2549 658 2614 Mariandrus,
694 2550 803 2605 teribus
825 2551 925 2604 solitos
951 2569 1013 2606 esse
1038 2555 1094 2606 dici
1114 2550 1229 2621 cripere.

115 2624 274 2691 Neapolis,
317 2622 486 2690 caryanda,
521 2623 659 2673 'l'ermera
691 2621 725 2672 ld
749 2629 843 2673 tamen
869 2637 923 2674 non
948 2625 1018 2675 satis
1047 2629 1122 2677 recte
1149 2622 1232 2686 dixit,

115 2694 229 2757 libera,
252 2692 379 2760 Bargyta
403 2699 431 2742 et
455 2708 473 2743 a
499 2706 554 2758 qno
579 2691 658 2741 sinus
692 2706 755 2742 cunr
773 2691 869 2757 potius
887 2691 1050 2744 existimare
1069 2677 1236 2753 debeamus,¹

115 2763 228 2824 lasiae,
247 2762 381 2828 oppidum
404 2759 493 2812 lasus.
528 2757 584 2812 Sed
622 2758 659 2807 ri·
693 2755 937 2826 odorequondam
956 2759 1232 2812 adiectiromluisse

115 2831 327 2892 momerium,
345 2827 450 2886 multas
469 2829 553 2880 urbes
571 2843 587 2880 a
602 2773 659 2878 i‘ti-
693 2829 738 2879 rel
762 2829 917 2879 eommunis
942 2829 1067 2896 generis‘
1081 2829 1125 2880 rel
1145 2829 1233 2884 trium

114 2901 166 2952 nio
186 2913 241 2949 non
259 2897 378 2958 reterri,
400 2913 462 2949 cum
488 2898 547 2949 eius
566 2903 660 2948 aetate
695 2896 1027 3014 pariguesignilieationa
1040 2904 1126 2966 atque
1136 2892 1232 2965 ἄκρος.

114 2969 246 3035 aliquant
265 2967 300 3016 ob
322 2982 435 3018 eausam
463 2966 508 3018 rel
530 2965 659 3017 desertae
695 2966 758 3027 Quo
794 2964 837 3016 ita
857 2979 918 3016 cum
936 2967 1139 3029 esset,urbes,
1158 2981 1232 3034 quae

115 3042 216 3088 essent
247 3035 295 3088 vel
322 3051 339 3087 a
376 3033 473 3100 paucis
505 3032 659 3085 habitatae.
694 3035 721 3084 in
742 3031 892 3094 montibus,
910 3041 941 3085 ut
959 3036 1083 3103 antiquis
1098 3029 1231 3102 tempdri-

116 3108 211 3169 Quam
230 3103 316 3155 breve
340 3115 432 3156 autem
456 3104 512 3154 iter
532 3103 661 3154 Halicar·
694 3101 747 3152 bus
766 3100 825 3154 iare
838 3101 940 3166 tiebat,
958 3104 1169 3167 condebantur,
1187 3103 1233 3156 vel

116 3189 206 3228 nasso
225 3171 362 3238 Myndum
387 3179 415 3222 et
433 3178 511 3222 terra
535 3179 563 3224 et
587 3169 660 3222 mari
694 3165 782 3236 σάμαι
813 3170 861 3222 vel
885 3165 971 3238 σάμοι
1001 3173 1031 3224 id
1057 3181 1102 3225 est
1126 3172 1232 3226 altae

116 3243 219 3304 luerit,
242 3239 289 3292 hic
305 3241 383 3292 locos
395 3241 547 3294 Arrianeus
566 3239 660 3301 docet,
694 3238 861 3290 dicebantur
879 3241 956 3302 (nam
976 3237 1058 3302 odiro
1082 3240 1231 3294 onritteba-

117 3309 223 3378 exped.
255 3309 298 3362 dl.
326 3311 353 3373 l,
372 3308 420 3371 23,
448 3311 525 3376 (nam
551 3322 587 3359 eo
610 3306 659 3358 do·
693 3305 1232 3376 ton).Sicincepballeniaunaequa·

116 3396 185 3434 cere
219 3377 241 3432 ai
267 3377 330 3446 quis
363 3377 449 3440 velit,
473 3378 565 3428 vicum
590 3375 659 3427 Ka·
692 3375 907 3438 tuorurbibus,
932 3391 1004 3443 quae
1030 3376 1113 3428 inea
1138 3382 1231 3439 erant,
1286 3388 1292 3393 ·

116 3451 163 3516 dy
186 3445 348 3512 Kalassy
364 3445 502 3513 Myndum
520 3459 598 3507 esse,
624 3442 659 3507 is,
693 3443 775 3496 Same
794 3444 856 3495 siue
869 3443 967 3496 Samos
983 3444 1140 3505 dicebatur,
1158 3460 1231 3512 quae

116 3532 192 3588 quae
212 3516 249 3566 sit
265 3515 339 3566 ratio
357 3515 497 3582 regionis,
519 3528 573 3564 non
592 3527 658 3564 con·
693 3528 756 3564 cunr
775 3512 877 3564 ceteris
896 3513 1093 3582 magnitudine
1116 3513 1231 3579 opibus·
1317 3519 1319 3524 '

114 3587 276 3640 arderatum
296 3582 421 3646 babeat.)
449 3583 493 3635 lbi
510 3589 658 3650 postquam
693 3596 748 3649 que
769 3581 939 3642 excelleret,
957 3597 1042 3649 saepe
1056 3587 1120 3634 tota
1136 3582 1232 3636 insula

116 3653 280 3722 expositum
299 3658 352 3720 est,
370 3649 561 3704 Alexandrum
580 3650 658 3702 ileli-
692 3652 791 3702 Samos
810 3649 887 3702 dieta
912 3657 972 3713 est,
989 3665 1060 3719 quae
1080 3649 1164 3702 simul
1183 3665 1231 3703 res

115 3737 284 3778 curnaasunr
312 3737 329 3772 o
351 3719 522 3791 pugnantem
538 3717 660 3772 modicis
692 3719 785 3788 docet,
801 3720 886 3771 istam
905 3721 1002 3772 urbem
1017 3720 1101 3772 etiam
1116 3719 1231 3783 Samon,

115 3794 210 3860 copiis
229 3791 299 3844 clam
318 3737 353 3842 ais
371 3787 423 3841 bac
440 3790 510 3841 urbe
521 3787 658 3856 Myndum
692 3802 747 3838 non
775 3789 972 3842 tantummodo
1002 3786 1104 3840 Samen
1135 3789 1232 3855 appel·

115 3861 278 3932 proiectum
297 3873 374 3921 esse,
398 3874 459 3912 cum
478 3871 540 3910 eam
563 3871 658 3923 spera·
691 3857 776 3908 latam
803 3873 874 3914 esse.
909 3857 983 3909 Num
1009 3864 1102 3910 autem
1128 3873 1253 3928 nornen¹

115 3939 164 3986 ret
187 3947 203 3982 a
223 3928 417 3995 proditoribus
441 3926 498 3978 sibi
519 3925 657 3979 traditum
690 3923 887 3978 Samothracia
906 3926 993 3977 altam
1007 3924 1160 3979 Thraciam
1176 3927 1200 3979 si
1223 3953 1234 3966 ·

115 4001 173 4063 iri,
198 3996 252 4050 bac
273 4011 341 4048 raro
364 4012 414 4065 spe
438 3995 582 4061 deceptum
606 4010 657 4045 nee
672 3987 676 3996 ’
690 3994 797 4061 niticet,
816 4009 851 4046 an
870 3995 1029 4046 existimari
1056 3995 1174 4057 debeat,
1198 3943 1232 4046 ii·

115 4066 256 4123 nracbinis
271 4065 342 4118 belli
372 4065 539 4116 instructum
563 4068 657 4114 tamen
691 4064 746 4115 lam
765 4061 885 4116 insulam
903 4064 988 4116 initio
1004 4061 1108 4117 Samon
1126 4064 1232 4116 dictam

115 4139 153 4192 ad
175 4151 236 4188 eam
254 4133 469 4202 expugnandam
492 4145 658 4202 aggressum
692 4147 754 4186 esse
770 4131 900 4199 quodque
915 4131 1040 4184 'l'braces
1056 4131 1232 4186 eamincole·

116 4222 191 4272 esse,
210 4205 252 4254 sic
268 4207 362 4272 pergit
379 4202 514 4270 scriptor:
534 4199 592 4254 Καὶ
609 4195 659 4254 ἕνα
693 4207 777 4262 rentn
791 4199 896 4262 Samon
914 4197 1079 4264 Thraciam,
1104 4201 1233 4252 nolumus

118 4293 149 4346 ys
168 4268 448 4342 attractaveritis
476 4267 505 4326 οὶ
526 4264 658 4328 Maesti·
693 4268 747 4324 boc
766 4269 831 4322 loco
846 4269 1013 4336 deterrerer
1031 4269 1081 4324 sed
1096 4268 1151 4323 boc
1168 4284 1233 4338 pou·
