2872 4814
353 299 962 399 ΤΗΣΜΕΡΑΛΗΣἎΘΑΛΑΣΣΗΣ.
1152 281 1221 402 Ιἑτῡ

102 513 181 575 arud.
211 508 252 575 π’.
280 509 350 576 ’Λπό
377 511 504 594 Τῆνονι
529 514 575 580 ἐπ’
597 513 812 602 ἀκρωτήριονα
829 563 836 581 .
852 567 858 581 .
873 566 902 581 ..
919 520 999 584 deod.
1016 520 1049 584 ν.’
1072 503 1145 586 :ent
1168 535 1222 588 τοῦ

103 610 294 696 ἀκρωτηρίου
309 661 332 678 ..
401 611 518 699 ἔγγιστά
539 609 656 699 depe&
740 621 820 681 arod.
843 614 896 680 vv!
919 615 998 684 'Arati
1017 625 1071 702 τῆς
1092 624 1223 706 Κρεγέας

102 713 144 788 εἰς
166 711 328 797 Κάρυστον
348 717 429 779 arod.
460 715 511 796 px!

105 883 244 940 rium...
267 879 361 940 stadio
382 881 428 938 to.
468 879 723 961 Apromonto'rio.
753 889 947 945 ....stadia
967 887 1031 946 450.
1063 889 1086 946 A
1111 870 1224 968 Cregea

102 955 137 1014 ad
157 956 311 1034 Carystum
334 957 426 1015 stadia
450 957 511 1014 120.
1042 985 1043 990 κ

104 1137 261 1188 stadiorum
288 1151 338 1204 pro
366 1143 444 1188 reeta
463 1135 567 1200 ¹haberi
598 1139 643 1206 de7
680 1140 771 1193 benda
794 1143 951 1210 scripturae
978 1143 1036 1204 eet,
1069 1144 1144 1194 inter
1169 1143 1222 1194 Ge·

103 1209 177 1268 beat.
205 1206 315 1258 Plinius
333 1203 416 1262 iubet
438 1219 537 1272 postue
556 1206 645 1268 mille,
679 1217 804 1262 ruentum
822 1212 1013 1280 drogonemque
1039 1210 1219 1273 intervallum

103 1291 165 1326 eum
177 1275 296 1342 spatium
307 1281 415 1326 tantum
425 1275 510 1326 modo
520 1275 643 1344 intelligi
683 1278 874 1332 intercederet
882 1280 1173 1348 CCCClrgstadiorum,
1189 1286 1221 1329 ut

101 1343 180 1407 velit,
190 1343 263 1411 quod
274 1344 508 1410 interutramque
521 1343 643 1397 insulam
679 1347 742 1413 quie
773 1349 913 1416 auspicari
937 1353 1031 1417 queat,
1060 1350 1086 1398 in
1113 1343 1222 1418 Κρεγέᾳ

89 1412 263 1478 intercedit.
306 1412 337 1462 ln
363 1410 541 1496 'apographo
567 1418 644 1464 utro·
678 1413 768 1468 latere
783 1410 937 1486 Ἐρετρίαν.
955 1421 1046 1484 Atque
1064 1416 1222 1500 apudb'tra:

102 1496 162 1611 ηυξ)
173 1480 537 1609 lgdomssddaqdngi'ffendum,
555 1548 643 1600 lintei·
677 1481 1055 1622 ΒὲἲἫρῗιοσξὲτξ”ἔῖςέετῇἶ,
1073 1487 1162 1614 rm?
1177 1483 1222 1619 par8

101 1617 244 1684 ligendum
269 1623 327 1670 eet:
362 1609 423 1670 Ἀπό
450 1617 503 1670 τοῦ
534 1591 644 1688 liuderus
677 1619 757 1690 γίστη
783 1623 832 1690 τῆς
849 1617 977 1692 Εὖβοίας
993 1617 1062 1690 μετὰ
1081 1619 1217 1673 Χαλκίδα.

104 1683 209 1754 Τήνον.
678 1689 737 1741 Sed
762 1688 817 1741 boe
842 1705 903 1742 oum
929 1697 1046 1758 propter
1072 1695 1221 1756 sequentes

135 1759 162 1817 a)
189 1754 328 1806 Numerus
358 1753 383 1804 si
413 1753 526 1822 integer
559 1761 642 1818 esset,
677 1771 820 1811 mensuras
852 1765 912 1809 tum
947 1764 1063 1825 propter
1100 1771 1219 1816 eorsum,

102 1824 148 1874 vix
167 1829 263 1890 posset
277 1822 428 1891 quidquam
446 1822 524 1874 aliud
539 1821 575 1874 ab
590 1821 644 1874 hoo
677 1841 759 1895 quern
785 1827 911 1895 scriptor
938 1829 1047 1890 tenuit,
1074 1825 1222 1892 probabile

102 1893 241 1958 scriptore
260 1892 367 1944 dictum
385 1907 445 1942 enee
465 1892 524 1943 nini
549 1897 642 1945 extre·
678 1901 812 1959 nonest,
834 1898 1070 1964 quarrmbeausam
1088 1894 1221 1956 arbitror,
1257 1903 1261 1916 '

102 1977 146 2011 ma
161 1961 354 2028 parsrlndriae
378 1961 498 2020 insulae,
517 1976 588 2028 quae
607 1961 644 2012 ad
679 1961 805 2033 Κρεγὲαν
823 1965 1001 2030 (recordatur
1025 1962 1148 2030 Tegeae)
1174 1977 1222 2012 no-

44 2047 46 2053 ’
103 2030 251 2081 meridiem
285 2035 410 2096 spectat3
447 2028 522 2097 quod
550 2036 644 2082 tanuen
680 2049 741 2084 men
766 2049 936 2086 esseverum
962 2047 1165 2098 numerumque
1181 2026 1223 2084 ov'

102 2113 163 2148 eum
182 2113 280 2166 parum
300 2097 436 2152 credibile
462 2097 548 2149 uitet
568 2104 644 2150 totus
679 2099 789 2154 falsum.
805 2102 861 2152 Ubi
868 2110 960 2154 autem
971 2101 1157 2168 haeccregea
1166 2100 1223 2150 sita

102 2167 181 2218 loeus
208 2165 342 2228 mutilus,
377 2181 493 2234 eumque
538 2173 644 2226 raeter·
679 2167 777 2232 fuerit,
797 2169 856 2221 alia
874 2171 1003 2238 quaestio
1028 2176 1080 2221 est.
1101 2172 1141 2220 lia
1159 2177 1223 2234 post

102 2251 137 2288 ea
152 2236 202 2287 rix
221 2233 368 2302 probabile
387 2236 439 2296 sit,
458 2181 535 2285 illud
549 2236 644 2298 nobile
680 2254 697 2289 a
718 2238 839 2304 Carysto
858 2245 971 2290 centum
997 2237 1100 2304 viginti
1120 2235 1223 2302 stadia,

102 2303 325 2371 promontorium
350 2303 482 2356 Euboeae
506 2299 644 2356 Gerae·
679 2323 697 2358 a
715 2305 840 2358 Petaleis
870 2313 964 2360 autem
982 2304 1084 2356 insulis
1109 2311 1223 2356 centnm

101 2378 198 2424 etum
218 2388 271 2422 non
295 2387 358 2424 esse
387 2378 645 2436 commemoratum,
680 2375 779 2426 abesse
806 2375 925 2439 dieitur,
952 2375 994 2426 ita
1011 2381 1059 2436 ut,
1089 2375 1114 2430 ai
1137 2373 1222 2422 modo

100 2443 285 2507 suspicamur,
309 2437 466 2506 Γέραιστον
490 2441 645 2506 excidissa3
681 2449 798 2510 uterque
811 2455 944 2496 numerus
961 2443 1073 2510 integer
1091 2447 1143 2504 est,
1161 2440 1222 2492 iure

103 2509 172 2576 quid
219 2515 311 2560 autem
355 2523 406 2576 pro
450 2503 475 2562 ν’
519 2509 645 2560 scriben-
679 2511 801 2562 mediam
819 2511 895 2564 inter
913 2509 1174 2630 utrumzuelooum
1194 2517 1223 2560 et

102 2578 171 2629 dum
189 2577 243 2638 sit,
271 2589 328 2626 non
348 2591 439 2644 aeque
462 2573 548 2628 facile
567 2578 646 2628 dictu
679 2578 812 2630 inlitora
831 2579 944 2648 quidem
969 2580 1011 2630 Eu
1034 2578 1113 2630 oeico
1140 2577 1222 2628 sitam

101 2647 149 2698 eit.
193 2645 224 2698 sl
266 2646 492 2708 consideramus,
535 2652 646 2714 portum
679 2647 768 2700 fuisse
788 2653 932 2714 oporteat.
968 2647 1000 2698 ld
1027 2661 1089 2698 eum
1117 2645 1224 2707 itasit,

100 2714 175 2767 Teni
198 2713 250 2764 sub
269 2719 423 2765 extremam
443 2713 645 2764 insulamiuis·
681 2717 838 2767 existimari
867 2717 954 2778 licet,
974 2715 1224 2782 eaminpeninru-
1261 2773 1263 2780 y

100 2799 147 2846 se,
186 2797 343 2833 mensuram
377 2777 419 2834 ov'
450 2783 534 2832 eitius
560 2782 646 2831 mino·
681 2773 1223 2852 lae,intercarystnmlliarmorionque

100 2865 261 2918 remquam
280 2849 413 2902 maiorem
432 2849 556 2915 dixeris3
583 2863 646 2902 eum
681 2853 716 2904 ab
737 2852 850 2904 Euboea
868 2854 898 2904 in
917 2868 994 2907 mare
1013 2857 1170 2922 porrectae,
1190 2851 1222 2901 li·

100 2925 196 2972 uutem
224 2933 366 2970 numerum
398 2934 414 2969 a
438 2919 558 2970 librario
584 2933 652 2986 cor·¹
682 2927 759 2984 tore,
786 2921 862 2992 quod
888 2922 924 2973 ad
951 2934 1080 2975 occasum
1106 2925 1225 2988 spectat,

86 2994 216 3057 ¹ruptum
236 3003 310 3050 esse,
338 3004 400 3038 cum
419 2985 472 3036 hoc
498 2987 645 3056 probabile
681 2987 768 3042 fuisse
789 2991 880 3042 sitam.
917 2995 956 3042 Ac
974 3003 1036 3042 curn
1062 2987 1223 3056 hocipsum

101 3065 163 3120 eet,
183 3056 290 3130 quiae
315 3063 381 3108 ante
406 3075 422 3108 ν
439 3055 575 3107 facillime
600 3071 646 3107 ex·
681 3059 748 3109 litus
768 3059 864 3110 multis
882 3058 955 3110 locis
980 3059 1066 3128 louge
1092 3059 1122 3108 in
1147 3057 1224 3108 mare
1246 3061 1248 3066 '

101 3127 203 3178 cidere
227 3125 336 3190 potuit,
369 3131 428 3176 tum
463 3125 548 3176 etiam
584 3121 646 3187 boe,
681 3142 711 3177 se
729 3127 872 3196 porrigat,
909 3141 994 3178 unum
1022 3141 1057 3180 ex
1081 3123 1125 3177 liis
1160 3137 1223 3194 pro-

102 3195 180 3277 quod
201 3193 327 3262 ¹eundem
352 3205 497 3244 numerum
522 3209 540 3244 a
565 3191 647 3252 libra·
680 3197 831 3246 montoriia
872 3197 959 3247 uerbo
993 3191 1082 3263 ἄκρας
1116 3193 1223 3264 signill-

101 3277 145 3316 rro
173 3261 275 3314 seimus
300 3277 348 3314 sae
369 3263 465 3313 issi'me
497 3263 646 3328 perperam
681 3267 774 3313 catum
795 3263 886 3314 videri
908 3267 1012 3330 potest.
1041 3261 1225 3313 Incredibilia

100 3331 266 3400 repetitum.
304 3277 590 3397 Sedpotestetiam,
614 3335 647 3381 ut
681 3333 986 3399 omninosunt,qnae
1002 3330 1169 3382 Mannertua
1188 3328 1223 3381 de

102 3401 188 3454 modo
221 3399 344 3462 dictum,
387 3401 478 3450 maior
516 3413 646 3450 numerus
680 3397 734 3451 hae
766 3399 869 3466 peripli
910 3403 992 3468 parte
1035 3398 1151 3464 scripit,
1186 3397 1222 3452 cf.

101 3475 187 3540 quam
206 3463 232 3520 u‘
252 3475 317 3518 ante
344 3463 550 3521 o'aeribendus
576 3477 646 3529 esse,
679 3466 796 3537 ,Geogra
817 3466 863 3519 bie
882 3467 908 3521 d.
927 3463 1041 3520 Grieoh.
1061 3481 1088 3518 u.
1107 3465 1220 3522 Rimer.

103 3538 181 3608 quod
202 3538 333 3598 ni‘esset
351 3533 467 3588 facilius
491 3536 576 3587 etiarn
607 3551 648 3587 es·
681 3534 734 3590 Th.
759 3484 832 3598 vlfl,
849 3553 876 3604 p.
896 3531 955 3590 266.
998 3532 1112 3586 insulae
1140 3535 1223 3586 Peta-

102 3614 165 3669 set,
201 3601 224 3660 ν’
249 3613 357 3657 mutare
382 3605 411 3655 in
437 3599 473 3657 ν’.
510 3603 564 3656 Sed
596 3615 647 3658 vos
680 3606 737 3658 liae
763 3621 780 3658 a
805 3605 898 3656 Plinio
924 3619 977 3677 quo
1000 3619 1034 3656 ue
1059 3601 1104 3653 his
1130 3601 1224 3654 verbis

104 3671 169 3746 ejus'
189 3675 265 3728 modi
284 3682 335 3738 est,
372 3675 419 3726 vix
437 3678 469 3724 ut
487 3673 647 3742 quisquan,
682 3673 984 3738 commemorantum!
1015 3671 1090 3736 ,aas
1119 3669 1150 3722 ln
1170 3671 1224 3722 Eu-

103 3741 204 3811 quoad
222 3749 327 3794 eertum
351 3744 390 3794 tit
413 3749 499 3808 atque
518 3741 648 3810 explora·
681 3744 744 3810 ripo
763 3750 859 3796 autem
876 3744 1018 3805 Euboico,
1046 3739 1138 3808 primo
1162 3739 1224 3791 iere

103 3812 411 3874 tum,inveriturusait:
432 3811 648 3878 quaenobisto-
682 3811 818 3875 introitu,
837 3811 1009 3864 Petaliae
1035 3814 1159 3880 quatuor
1181 3808 1223 3858 in·

103 3877 339 3958 girantibusrisa
353 3885 449 3933 eruerit
463 3879 553 3932 scribi
564 3877 647 3948 po'ese
682 3881 771 3934 sulae.
806 3871 843 3930 dt
859 3895 927 3932 vero
953 3875 1029 3947 apud
1047 3877 1225 3938 Strabonem,

104 3949 300 4018 putaverimus
310 3947 520 4002 'dicendo'esse
683 3949 718 4012 X,
738 3954 765 4018 p.
783 3940 853 4010 att,
871 3951 913 4001 eie
931 3951 989 4000 est:
1017 3940 1170 4032 Γεςαιστός
1195 3941 1226 3998 δὲ

137 4015 211 4082 'eiu
237 4019 419 4092 sequentibus
445 4017 499 4070 hoe
517 4015 649 4080 eflicitur,
682 4017 731 4073 καὶ
757 4017 882 4090 Heroi'iu
908 4011 981 4083 πρὸς
1004 4015 1138 4069 Sounion.
1172 4014 1225 4080 ilp-

105 4089 142 4141 ad
167 4090 346 4157 Cregeam
378 4089 437 4140 tire
467 4085 543 4156 quod
568 4085 647 4140 aliud
702 4093 780 4150 aret,
799 4101 815 4138 a
834 4083 976 4137 Strabone
1000 4091 1032 4134 ut
1057 4083 1225 4136 Geraestum

106 4173 209 4212 nomen
229 4158 287 4228 loci
306 4163 369 4224 est,
384 4161 528 4214 auctorem
538 4151 648 4275 (peripli
682 4161 725 4206 ita
746 4147 882 4208 Pataliam
907 4153 1132 4220 promontorium
1158 4151 1225 4212 diei,

107 4243 123 4278 a
143 4226 284 4280 Geraesto
303 4225 454 4293 appulisse.
473 4223 537 4278 Sili
554 4237 586 4275 ‘es
601 4221 647 4274 ba·
683 4237 734 4276 neo
751 4225 786 4278 ab
805 4222 906 4276 eoullo
922 4218 1093 4273 locolrarum
1104 4219 1226 4273 Petalia-

937 4303 1013 4368 18*
