<?xml version="1.0" encoding="UTF-8"?>
<!DOCTYPE html PUBLIC "-//W3C//DTD XHTML 1.0 Transitional//EN"
    "http://www.w3.org/TR/xhtml1/DTD/xhtml1-transitional.dtd">
<html xmlns="http://www.w3.org/1999/xhtml" xml:lang="en" lang="en">
 <head>
  <title>
</title>
<meta http-equiv="Content-Type" content="text/html;charset=utf-8" />
  <meta name='ocr-system' content='tesseract 3.04.00' />
  <meta name='ocr-capabilities' content='ocr_page ocr_carea ocr_par ocr_line ocrx_word'/>
</head>
<body>
  <div class='ocr_page' id='page_1' title='image "./marcianiperiplu00menigoog_0317.png"; bbox 0 0 2872 4814; ppageno 0'>
   <div class='ocr_carea' id='block_1_1' title="bbox 231 337 1137 400">
    <p class='ocr_par' dir='ltr' id='par_1_1' title="bbox 231 337 1137 400">
     <span class='ocr_line' id='line_1_1' title="bbox 231 337 1137 400; baseline 0 0"><span class='ocrx_word' id='word_1_1' title='bbox 231 338 295 400; x_wconf 72' lang='lat'>288</span> <span class='ocrx_word' id='word_1_2' title='bbox 442 337 732 400; x_wconf 82' lang='grc' dir='ltr'><em>ΣΤΑΔΙΑΣΜΟΣ</em></span> <span class='ocrx_word' id='word_1_3' title='bbox 750 337 859 398; x_wconf 86' lang='lat' dir='ltr'><em>HTOI</em></span> <span class='ocrx_word' id='word_1_4' title='bbox 877 337 1137 400; x_wconf 74' lang='lat' dir='ltr'><em>HEPIHAOYZ</em></span> 
     </span>
    </p>
   </div>
   <div class='ocr_carea' id='block_1_2' title="bbox 230 515 1352 814">
    <p class='ocr_par' dir='ltr' id='par_1_2' title="bbox 230 515 1352 814">
     <span class='ocr_line' id='line_1_2' title="bbox 230 515 1352 607; baseline 0.005 -25"><span class='ocrx_word' id='word_1_5' title='bbox 230 515 466 602; x_wconf 67' lang='lat' dir='ltr'>&#39;Apprixoorog&#39;&#39;</span> <span class='ocrx_word' id='word_1_6' title='bbox 484 520 545 603; x_wconf 78' lang='grc' dir='ltr'><strong><em>ἔχει</em></strong></span> <span class='ocrx_word' id='word_1_7' title='bbox 572 521 605 584; x_wconf 75' lang='lat' dir='ltr'>dl</span> <span class='ocrx_word' id='word_1_8' title='bbox 625 520 731 602; x_wconf 88' lang='grc' dir='ltr'><strong><em>λιμένα</em></strong></span> <span class='ocrx_word' id='word_1_9' title='bbox 750 519 843 584; x_wconf 73' lang='lat' dir='ltr'>nortl</span> <span class='ocrx_word' id='word_1_10' title='bbox 862 517 983 604; x_wconf 82' lang='grc' dir='ltr'><strong><em>ιῖνέμῳ·</em></strong></span> <span class='ocrx_word' id='word_1_11' title='bbox 1009 520 1068 603; x_wconf 76' lang='grc' dir='ltr'><strong><em>ἔχει</em></strong></span> <span class='ocrx_word' id='word_1_12' title='bbox 1089 521 1123 586; x_wconf 76' lang='grc' dir='ltr'>δέ</span> <span class='ocrx_word' id='word_1_13' title='bbox 1144 521 1178 586; x_wconf 85' lang='grc' dir='ltr'>έν</span> <span class='ocrx_word' id='word_1_14' title='bbox 1197 528 1236 607; x_wconf 77' lang='grc' dir='ltr'>τῇ</span> <span class='ocrx_word' id='word_1_15' title='bbox 1250 547 1352 590; x_wconf 74' lang='lat' dir='ltr'>mo-</span> 
     </span>
     <span class='ocr_line' id='line_1_3' title="bbox 231 616 1347 705; baseline 0.002 -21"><span class='ocrx_word' id='word_1_16' title='bbox 231 625 316 705; x_wconf 72' lang='grc' dir='ltr'>γωγῇ</span> <span class='ocrx_word' id='word_1_17' title='bbox 343 618 501 705; x_wconf 73' lang='grc' dir='ltr'><strong><em>χοιράδας·</em></strong></span> <span class='ocrx_word' id='word_1_18' title='bbox 528 618 740 701; x_wconf 72' lang='grc' dir='ltr'><strong><em>διαφυλάττον.</em></strong></span> <span class='ocrx_word' id='word_1_19' title='bbox 789 616 862 686; x_wconf 72' lang='lat' dir='ltr'>’Arici</span> <span class='ocrx_word' id='word_1_20' title='bbox 884 625 946 684; x_wconf 74' lang='grc' dir='ltr'>τοῖν</span> <span class='ocrx_word' id='word_1_21' title='bbox 966 619 1070 702; x_wconf 81' lang='grc' dir='ltr'><strong><em>νήσων</em></strong></span> <span class='ocrx_word' id='word_1_22' title='bbox 1093 623 1138 696; x_wconf 80' lang='grc' dir='ltr'>εἰς</span> <span class='ocrx_word' id='word_1_23' title='bbox 1159 625 1347 704; x_wconf 82' lang='grc' dir='ltr'>Σαλαμῖναι</span> 
     </span>
     <span class='ocr_line' id='line_1_4' title="bbox 234 716 1348 814; baseline 0.003 -31"><span class='ocrx_word' id='word_1_24' title='bbox 234 721 317 784; x_wconf 75' lang='lat' dir='ltr'>erud.</span> <span class='ocrx_word' id='word_1_25' title='bbox 340 718 373 784; x_wconf 88' lang='grc' dir='ltr'>ν.’</span> <span class='ocrx_word' id='word_1_26' title='bbox 397 716 486 797; x_wconf 79' lang='grc' dir='ltr'><strong><em>πόλις</em></strong></span> <span class='ocrx_word' id='word_1_27' title='bbox 506 721 568 785; x_wconf 75' lang='lat' dir='ltr'>lori</span> <span class='ocrx_word' id='word_1_28' title='bbox 589 723 694 804; x_wconf 86' lang='grc' dir='ltr'><strong><em>λιμένα</em></strong></span> <span class='ocrx_word' id='word_1_29' title='bbox 717 720 783 801; x_wconf 78' lang='grc' dir='ltr'><strong><em>ἔχει.</em></strong></span> <span class='ocrx_word' id='word_1_30' title='bbox 826 716 900 784; x_wconf 56' lang='lat' dir='ltr'>’sind</span> <span class='ocrx_word' id='word_1_31' title='bbox 917 723 1089 814; x_wconf 60' lang='grc' dir='ltr'><strong><em>Σαλαμῖνος</em></strong></span> <span class='ocrx_word' id='word_1_32' title='bbox 1110 721 1154 796; x_wconf 79' lang='grc' dir='ltr'>εἰς</span> <span class='ocrx_word' id='word_1_33' title='bbox 1176 720 1348 786; x_wconf 53' lang='grc' dir='ltr'>Παλαιαίνλι</span> 
     </span>
    </p>
   </div>
   <div class='ocr_carea' id='block_1_3' title="bbox 234 845 1356 1116">
    <p class='ocr_par' dir='ltr' id='par_1_3' title="bbox 234 845 1356 1116">
     <span class='ocr_line' id='line_1_5' title="bbox 235 845 1353 964; baseline 0.001 -21"><span class='ocrx_word' id='word_1_34' title='bbox 235 896 354 943; x_wconf 78' lang='lat' dir='ltr'>morton.</span> <span class='ocrx_word' id='word_1_35' title='bbox 394 885 494 943; x_wconf 79' lang='lat' dir='ltr'>Habet</span> <span class='ocrx_word' id='word_1_36' title='bbox 512 898 609 945; x_wconf 90' lang='lat' dir='ltr'>autem</span> <span class='ocrx_word' id='word_1_37' title='bbox 628 895 746 964; x_wconf 90' lang='lat' dir='ltr'>portum</span> <span class='ocrx_word' id='word_1_38' title='bbox 765 845 862 942; x_wconf 79' lang='lat' dir='ltr'>tuturo</span> <span class='ocrx_word' id='word_1_39' title='bbox 881 870 923 942; x_wconf 74' lang='lat' dir='ltr'>uh¹</span> <span class='ocrx_word' id='word_1_40' title='bbox 937 885 1018 940; x_wconf 88' lang='lat' dir='ltr'>omni</span> <span class='ocrx_word' id='word_1_41' title='bbox 1044 895 1152 959; x_wconf 85' lang='lat' dir='ltr'>veuto;</span> <span class='ocrx_word' id='word_1_42' title='bbox 1179 884 1266 943; x_wconf 87' lang='lat' dir='ltr'>habet</span> <span class='ocrx_word' id='word_1_43' title='bbox 1295 905 1353 944; x_wconf 84' lang='lat' dir='ltr'>au-</span> 
     </span>
     <span class='ocr_line' id='line_1_6' title="bbox 234 959 1356 1039; baseline 0.001 -21"><span class='ocrx_word' id='word_1_44' title='bbox 234 973 292 1018; x_wconf 89' lang='lat' dir='ltr'>tem</span> <span class='ocrx_word' id='word_1_45' title='bbox 312 964 343 1018; x_wconf 91' lang='lat' dir='ltr'>iu</span> <span class='ocrx_word' id='word_1_46' title='bbox 367 961 448 1019; x_wconf 88' lang='lat' dir='ltr'>aditu</span> <span class='ocrx_word' id='word_1_47' title='bbox 467 983 564 1039; x_wconf 82' lang='lat' dir='ltr'>rupee.</span> <span class='ocrx_word' id='word_1_48' title='bbox 584 963 659 1020; x_wconf 80' lang='lat' dir='ltr'>Esto</span> <span class='ocrx_word' id='word_1_49' title='bbox 687 971 797 1018; x_wconf 81' lang='lat' dir='ltr'>cautus.</span> <span class='ocrx_word' id='word_1_50' title='bbox 838 960 881 1017; x_wconf 86' lang='lat' dir='ltr'>Ab</span> <span class='ocrx_word' id='word_1_51' title='bbox 909 961 1015 1016; x_wconf 82' lang='lat' dir='ltr'>inaulia</span> <span class='ocrx_word' id='word_1_52' title='bbox 1043 959 1081 1016; x_wconf 87' lang='lat' dir='ltr'>ad</span> <span class='ocrx_word' id='word_1_53' title='bbox 1101 961 1251 1019; x_wconf 82' lang='lat' dir='ltr'>Salamiua</span> <span class='ocrx_word' id='word_1_54' title='bbox 1284 973 1356 1020; x_wconf 79' lang='lat' dir='ltr'>ata-</span> 
     </span>
     <span class='ocr_line' id='line_1_7' title="bbox 234 1034 1356 1116; baseline 0.001 -22"><span class='ocrx_word' id='word_1_55' title='bbox 234 1038 283 1094; x_wconf 84' lang='lat' dir='ltr'>dia</span> <span class='ocrx_word' id='word_1_56' title='bbox 302 1036 348 1095; x_wconf 82' lang='lat'>50.</span> <span class='ocrx_word' id='word_1_57' title='bbox 388 1035 465 1095; x_wconf 79' lang='lat' dir='ltr'>Urba</span> <span class='ocrx_word' id='word_1_58' title='bbox 486 1050 541 1112; x_wconf 75' lang='lat' dir='ltr'>eat,</span> <span class='ocrx_word' id='word_1_59' title='bbox 560 1058 633 1116; x_wconf 85' lang='lat' dir='ltr'>quae</span> <span class='ocrx_word' id='word_1_60' title='bbox 653 1038 740 1096; x_wconf 86' lang='lat' dir='ltr'>hahet</span> <span class='ocrx_word' id='word_1_61' title='bbox 765 1047 890 1112; x_wconf 87' lang='lat' dir='ltr'>portum.</span> <span class='ocrx_word' id='word_1_62' title='bbox 927 1037 953 1093; x_wconf 78' lang='lat' dir='ltr'>A</span> <span class='ocrx_word' id='word_1_63' title='bbox 979 1034 1128 1095; x_wconf 77' lang='lat' dir='ltr'><strong>Salamine</strong></span> <span class='ocrx_word' id='word_1_64' title='bbox 1147 1037 1184 1094; x_wconf 86' lang='lat' dir='ltr'>ad</span> <span class='ocrx_word' id='word_1_65' title='bbox 1209 1036 1356 1096; x_wconf 82' lang='lat' dir='ltr'>Palaeam</span> 
     </span>
    </p>
   </div>
   <div class='ocr_carea' id='block_1_4' title="bbox 192 1211 1355 2801">
    <p class='ocr_par' dir='ltr' id='par_1_4' title="bbox 192 1211 1355 2801">
     <span class='ocr_line' id='line_1_8' title="bbox 267 1211 1353 1284; baseline 0.003 -18"><span class='ocrx_word' id='word_1_66' title='bbox 267 1211 297 1277; x_wconf 78' lang='grc'>3)</span> <span class='ocrx_word' id='word_1_67' title='bbox 321 1215 479 1284; x_wconf 73' lang='lat' dir='ltr'>Pleraeque</span> <span class='ocrx_word' id='word_1_68' title='bbox 511 1216 650 1269; x_wconf 73' lang='lat' dir='ltr'>editiones</span> <span class='ocrx_word' id='word_1_69' title='bbox 678 1215 770 1270; x_wconf 90' lang='lat' dir='ltr'>Ptole·</span> <span class='ocrx_word' id='word_1_70' title='bbox 803 1211 936 1264; x_wconf 80' lang='lat' dir='ltr'>laminam</span> <span class='ocrx_word' id='word_1_71' title='bbox 953 1213 1095 1264; x_wconf 86' lang='lat' dir='ltr'>aTeuero</span> <span class='ocrx_word' id='word_1_72' title='bbox 1114 1215 1256 1268; x_wconf 82' lang='lat' dir='ltr'>conditam</span> <span class='ocrx_word' id='word_1_73' title='bbox 1269 1231 1353 1280; x_wconf 81' lang='lat' dir='ltr'>enne,</span> 
     </span>
     <span class='ocr_line' id='line_1_9' title="bbox 234 1281 1352 1354; baseline 0.004 -20"><span class='ocrx_word' id='word_1_74' title='bbox 234 1283 307 1336; x_wconf 90' lang='lat' dir='ltr'>maei</span> <span class='ocrx_word' id='word_1_75' title='bbox 332 1287 452 1351; x_wconf 90' lang='lat' dir='ltr'>primum</span> <span class='ocrx_word' id='word_1_76' title='bbox 476 1282 583 1350; x_wconf 87' lang='lat' dir='ltr'>locum,</span> <span class='ocrx_word' id='word_1_77' title='bbox 612 1285 661 1354; x_wconf 94' lang='lat' dir='ltr'>qui</span> <span class='ocrx_word' id='word_1_78' title='bbox 687 1286 725 1336; x_wconf 78' lang='lat' dir='ltr'>rit</span> <span class='ocrx_word' id='word_1_79' title='bbox 753 1300 771 1336; x_wconf 86' lang='lat' dir='ltr'>a</span> <span class='ocrx_word' id='word_1_80' title='bbox 806 1282 855 1350; x_wconf 89' lang='lat' dir='ltr'>qui</span> <span class='ocrx_word' id='word_1_81' title='bbox 872 1295 933 1332; x_wconf 85' lang='lat' dir='ltr'>cum</span> <span class='ocrx_word' id='word_1_82' title='bbox 951 1281 1036 1334; x_wconf 90' lang='lat' dir='ltr'>aliter</span> <span class='ocrx_word' id='word_1_83' title='bbox 1060 1287 1146 1350; x_wconf 88' lang='lat' dir='ltr'>atque</span> <span class='ocrx_word' id='word_1_84' title='bbox 1172 1299 1234 1336; x_wconf 86' lang='lat' dir='ltr'>cuur</span> <span class='ocrx_word' id='word_1_85' title='bbox 1260 1293 1352 1352; x_wconf 83' lang='lat' dir='ltr'>patre</span> 
     </span>
     <span class='ocr_line' id='line_1_10' title="bbox 234 1351 1353 1418; baseline 0.002 -14"><span class='ocrx_word' id='word_1_86' title='bbox 234 1352 354 1404; x_wconf 89' lang='lat' dir='ltr'>meridie</span> <span class='ocrx_word' id='word_1_87' title='bbox 373 1354 401 1404; x_wconf 92' lang='lat' dir='ltr'>in</span> <span class='ocrx_word' id='word_1_88' title='bbox 426 1353 560 1405; x_wconf 78' lang='lat' dir='ltr'>orientali</span> <span class='ocrx_word' id='word_1_89' title='bbox 584 1353 669 1406; x_wconf 88' lang='lat' dir='ltr'>litore</span> <span class='ocrx_word' id='word_1_90' title='bbox 695 1356 772 1404; x_wconf 80' lang='lat' dir='ltr'>inno·</span> <span class='ocrx_word' id='word_1_91' title='bbox 804 1356 903 1418; x_wconf 75' lang='lat' dir='ltr'>pactus</span> <span class='ocrx_word' id='word_1_92' title='bbox 927 1357 1018 1412; x_wconf 75' lang='lat' dir='ltr'>esset,</span> <span class='ocrx_word' id='word_1_93' title='bbox 1048 1351 1139 1404; x_wconf 80' lang='lat' dir='ltr'>Troia</span> <span class='ocrx_word' id='word_1_94' title='bbox 1162 1367 1259 1405; x_wconf 80' lang='lat' dir='ltr'>eversa</span> <span class='ocrx_word' id='word_1_95' title='bbox 1282 1357 1353 1407; x_wconf 80' lang='lat' dir='ltr'>sine</span> 
     </span>
     <span class='ocr_line' id='line_1_11' title="bbox 210 1418 1351 1490; baseline 0.002 -18"><span class='ocrx_word' id='word_1_96' title='bbox 210 1421 289 1490; x_wconf 54' lang='lat' dir='ltr'>,lae‚</span> <span class='ocrx_word' id='word_1_97' title='bbox 308 1419 412 1473; x_wconf 90' lang='lat' dir='ltr'>habent</span> <span class='ocrx_word' id='word_1_98' title='bbox 439 1425 662 1490; x_wconf 79' lang='lat' dir='ltr'>promontorium</span> <span class='ocrx_word' id='word_1_99' title='bbox 681 1422 770 1475; x_wconf 87' lang='lat' dir='ltr'>Peda·</span> <span class='ocrx_word' id='word_1_100' title='bbox 804 1419 894 1471; x_wconf 80' lang='lat' dir='ltr'>fratre</span> <span class='ocrx_word' id='word_1_101' title='bbox 923 1419 953 1468; x_wconf 92' lang='lat' dir='ltr'>in</span> <span class='ocrx_word' id='word_1_102' title='bbox 993 1418 1138 1472; x_wconf 76' lang='lat' dir='ltr'>Salamiua</span> <span class='ocrx_word' id='word_1_103' title='bbox 1174 1421 1263 1472; x_wconf 84' lang='lat' dir='ltr'>redux</span> <span class='ocrx_word' id='word_1_104' title='bbox 1306 1423 1351 1475; x_wconf 80' lang='lat' dir='ltr'>fa-</span> 
     </span>
     <span class='ocr_line' id='line_1_12' title="bbox 235 1489 1352 1570; baseline 0.002 -31"><span class='ocrx_word' id='word_1_105' title='bbox 235 1489 314 1551; x_wconf 86' lang='lat' dir='ltr'>lium,</span> <span class='ocrx_word' id='word_1_106' title='bbox 332 1504 382 1570; x_wconf 90' lang='lat' dir='ltr'>pro</span> <span class='ocrx_word' id='word_1_107' title='bbox 404 1504 460 1558; x_wconf 93' lang='lat' dir='ltr'>quo</span> <span class='ocrx_word' id='word_1_108' title='bbox 479 1497 574 1543; x_wconf 88' lang='lat' dir='ltr'>tamen</span> <span class='ocrx_word' id='word_1_109' title='bbox 596 1495 626 1542; x_wconf 90' lang='lat' dir='ltr'>iu</span> <span class='ocrx_word' id='word_1_110' title='bbox 645 1491 770 1543; x_wconf 82' lang='lat' dir='ltr'>editione</span> <span class='ocrx_word' id='word_1_111' title='bbox 804 1494 867 1538; x_wconf 82' lang='lat' dir='ltr'>etue</span> <span class='ocrx_word' id='word_1_112' title='bbox 882 1493 968 1549; x_wconf 77' lang='lat' dir='ltr'>earet,</span> <span class='ocrx_word' id='word_1_113' title='bbox 987 1501 1004 1538; x_wconf 91' lang='lat' dir='ltr'>a</span> <span class='ocrx_word' id='word_1_114' title='bbox 1025 1495 1107 1554; x_wconf 88' lang='lat' dir='ltr'>patre</span> <span class='ocrx_word' id='word_1_115' title='bbox 1134 1491 1226 1555; x_wconf 89' lang='lat' dir='ltr'>patria</span> <span class='ocrx_word' id='word_1_116' title='bbox 1248 1489 1352 1556; x_wconf 89' lang='lat' dir='ltr'>prohi-</span> 
     </span>
     <span class='ocr_line' id='line_1_13' title="bbox 235 1553 1354 1629; baseline -0.002 -17"><span class='ocrx_word' id='word_1_117' title='bbox 235 1557 402 1610; x_wconf 78' lang='lat' dir='ltr'>Ernrrutaua</span> <span class='ocrx_word' id='word_1_118' title='bbox 417 1559 572 1612; x_wconf 74' lang='lat' dir='ltr'>substituta</span> <span class='ocrx_word' id='word_1_119' title='bbox 587 1553 772 1629; x_wconf 74' lang='grc' dir='ltr'><strong><em>Ἀμμόχωστος</em></strong></span> <span class='ocrx_word' id='word_1_120' title='bbox 803 1555 882 1606; x_wconf 78' lang='lat' dir='ltr'>bitus</span> <span class='ocrx_word' id='word_1_121' title='bbox 902 1570 963 1606; x_wconf 88' lang='lat' dir='ltr'>eum</span> <span class='ocrx_word' id='word_1_122' title='bbox 984 1557 1223 1612; x_wconf 77' lang='lat' dir='ltr'>commilitonibus</span> <span class='ocrx_word' id='word_1_123' title='bbox 1238 1559 1354 1610; x_wconf 85' lang='lat' dir='ltr'>dieitur</span> 
     </span>
     <span class='ocr_line' id='line_1_14' title="bbox 234 1623 1355 1746; baseline 0.002 -68"><span class='ocrx_word' id='word_1_124' title='bbox 234 1633 294 1689; x_wconf 82' lang='lat' dir='ltr'>eet,</span> <span class='ocrx_word' id='word_1_125' title='bbox 313 1627 389 1746; x_wconf 65' lang='lat' dir='ltr'>quod</span> <span class='ocrx_word' id='word_1_126' title='bbox 414 1643 513 1684; x_wconf 87' lang='lat' dir='ltr'>nomen</span> <span class='ocrx_word' id='word_1_127' title='bbox 538 1637 650 1682; x_wconf 89' lang='lat' dir='ltr'>ceterae</span> <span class='ocrx_word' id='word_1_128' title='bbox 674 1643 771 1680; x_wconf 79' lang='lat' dir='ltr'>onmes</span> <span class='ocrx_word' id='word_1_129' title='bbox 803 1624 834 1676; x_wconf 90' lang='lat' dir='ltr'>in</span> <span class='ocrx_word' id='word_1_130' title='bbox 861 1623 986 1691; x_wconf 87' lang='lat' dir='ltr'>Cyprum</span> <span class='ocrx_word' id='word_1_131' title='bbox 1013 1628 1137 1693; x_wconf 79' lang='lat' dir='ltr'>venisse,</span> <span class='ocrx_word' id='word_1_132' title='bbox 1173 1628 1202 1678; x_wconf 91' lang='lat' dir='ltr'>in</span> <span class='ocrx_word' id='word_1_133' title='bbox 1227 1628 1355 1696; x_wconf 78' lang='lat' dir='ltr'>eiusque</span> 
     </span>
     <span class='ocr_line' id='line_1_15' title="bbox 235 1691 1350 1750; baseline 0.002 -4"><span class='ocrx_word' id='word_1_134' title='bbox 235 1708 292 1746; x_wconf 89' lang='lat' dir='ltr'>non</span> <span class='ocrx_word' id='word_1_135' title='bbox 338 1691 432 1750; x_wconf 78' lang='lat' dir='ltr'>allent.</span> <span class='ocrx_word' id='word_1_136' title='bbox 469 1696 589 1750; x_wconf 90' lang='lat' dir='ltr'>Videtur</span> <span class='ocrx_word' id='word_1_137' title='bbox 619 1698 651 1750; x_wconf 94' lang='lat' dir='ltr'>id</span> <span class='ocrx_word' id='word_1_138' title='bbox 676 1704 770 1749; x_wconf 86' lang='lat' dir='ltr'>autem</span> <span class='ocrx_word' id='word_1_139' title='bbox 804 1693 912 1744; x_wconf 82' lang='lat' dir='ltr'>insulae</span> <span class='ocrx_word' id='word_1_140' title='bbox 944 1693 1028 1742; x_wconf 87' lang='lat' dir='ltr'>litore</span> <span class='ocrx_word' id='word_1_141' title='bbox 1061 1695 1195 1746; x_wconf 83' lang='lat' dir='ltr'>orientali</span> <span class='ocrx_word' id='word_1_142' title='bbox 1222 1697 1350 1748; x_wconf 83' lang='lat' dir='ltr'>alteram</span> 
     </span>
     <span class='ocr_line' id='line_1_16' title="bbox 235 1761 1352 1828; baseline 0.004 -14"><span class='ocrx_word' id='word_1_143' title='bbox 235 1764 277 1816; x_wconf 86' lang='lat' dir='ltr'>ita</span> <span class='ocrx_word' id='word_1_144' title='bbox 294 1761 400 1816; x_wconf 82' lang='lat' dir='ltr'>laetum</span> <span class='ocrx_word' id='word_1_145' title='bbox 419 1781 499 1828; x_wconf 79' lang='lat' dir='ltr'>esee,</span> <span class='ocrx_word' id='word_1_146' title='bbox 518 1772 630 1820; x_wconf 78' lang='lat' dir='ltr'>utrum</span> <span class='ocrx_word' id='word_1_147' title='bbox 649 1767 678 1818; x_wconf 91' lang='lat' dir='ltr'>in</span> <span class='ocrx_word' id='word_1_148' title='bbox 699 1770 771 1818; x_wconf 87' lang='lat' dir='ltr'>auti·</span> <span class='ocrx_word' id='word_1_149' title='bbox 805 1761 997 1814; x_wconf 81' lang='lat' dir='ltr'>aedificavisse</span> <span class='ocrx_word' id='word_1_150' title='bbox 1017 1761 1172 1814; x_wconf 82' lang='lat' dir='ltr'>Salamiua.</span> <span class='ocrx_word' id='word_1_151' title='bbox 1202 1762 1288 1816; x_wconf 87' lang='lat' dir='ltr'>Bella</span> <span class='ocrx_word' id='word_1_152' title='bbox 1307 1765 1352 1818; x_wconf 81' lang='lat' dir='ltr'>ia-</span> 
     </span>
     <span class='ocr_line' id='line_1_17' title="bbox 237 1831 1352 1904; baseline 0.001 -20"><span class='ocrx_word' id='word_1_153' title='bbox 237 1832 301 1900; x_wconf 78' lang='lat' dir='ltr'>quie</span> <span class='ocrx_word' id='word_1_154' title='bbox 318 1833 400 1886; x_wconf 78' lang='lat' dir='ltr'>libris</span> <span class='ocrx_word' id='word_1_155' title='bbox 416 1835 531 1900; x_wconf 73' lang='lat' dir='ltr'>scriptia</span> <span class='ocrx_word' id='word_1_156' title='bbox 545 1841 696 1904; x_wconf 91' lang='lat' dir='ltr'>utrumque</span> <span class='ocrx_word' id='word_1_157' title='bbox 712 1835 771 1902; x_wconf 92' lang='lat' dir='ltr'>qui·</span> <span class='ocrx_word' id='word_1_158' title='bbox 805 1831 882 1893; x_wconf 89' lang='lat' dir='ltr'>bula,</span> <span class='ocrx_word' id='word_1_159' title='bbox 901 1833 951 1882; x_wconf 79' lang='lat' dir='ltr'>aed</span> <span class='ocrx_word' id='word_1_160' title='bbox 974 1836 1067 1882; x_wconf 86' lang='lat' dir='ltr'>tamen</span> <span class='ocrx_word' id='word_1_161' title='bbox 1093 1846 1164 1882; x_wconf 92' lang='lat' dir='ltr'>nou</span> <span class='ocrx_word' id='word_1_162' title='bbox 1182 1831 1235 1883; x_wconf 90' lang='lat' dir='ltr'>ita</span> <span class='ocrx_word' id='word_1_163' title='bbox 1257 1833 1352 1902; x_wconf 88' lang='lat' dir='ltr'>bella,</span> 
     </span>
     <span class='ocr_line' id='line_1_18' title="bbox 236 1898 1354 1966; baseline 0.002 -14"><span class='ocrx_word' id='word_1_164' title='bbox 236 1903 300 1952; x_wconf 88' lang='lat' dir='ltr'>dem</span> <span class='ocrx_word' id='word_1_165' title='bbox 316 1916 416 1954; x_wconf 89' lang='lat' dir='ltr'>nomeu</span> <span class='ocrx_word' id='word_1_166' title='bbox 434 1904 625 1966; x_wconf 81' lang='lat' dir='ltr'>inveniretur,</span> <span class='ocrx_word' id='word_1_167' title='bbox 646 1905 697 1956; x_wconf 78' lang='lat' dir='ltr'>ned</span> <span class='ocrx_word' id='word_1_168' title='bbox 722 1919 771 1954; x_wconf 92' lang='lat' dir='ltr'>nu·</span> <span class='ocrx_word' id='word_1_169' title='bbox 806 1907 838 1950; x_wconf 90' lang='lat' dir='ltr'>ut</span> <span class='ocrx_word' id='word_1_170' title='bbox 855 1899 927 1950; x_wconf 77' lang='lat' dir='ltr'>fides</span> <span class='ocrx_word' id='word_1_171' title='bbox 959 1898 987 1949; x_wconf 93' lang='lat' dir='ltr'>ei</span> <span class='ocrx_word' id='word_1_172' title='bbox 1016 1899 1076 1952; x_wconf 86' lang='lat' dir='ltr'>ulla</span> <span class='ocrx_word' id='word_1_173' title='bbox 1101 1898 1200 1952; x_wconf 86' lang='lat' dir='ltr'>haberi</span> <span class='ocrx_word' id='word_1_174' title='bbox 1224 1901 1354 1966; x_wconf 76' lang='lat' dir='ltr'>debeat5</span> 
     </span>
     <span class='ocr_line' id='line_1_19' title="bbox 237 1969 1352 2039; baseline 0.002 -19"><span class='ocrx_word' id='word_1_175' title='bbox 237 1972 306 2020; x_wconf 88' lang='lat' dir='ltr'>meri</span> <span class='ocrx_word' id='word_1_176' title='bbox 325 1971 382 2038; x_wconf 88' lang='lat' dir='ltr'>uni,</span> <span class='ocrx_word' id='word_1_177' title='bbox 404 1971 518 2023; x_wconf 88' lang='lat' dir='ltr'>librarii</span> <span class='ocrx_word' id='word_1_178' title='bbox 539 1979 675 2039; x_wconf 85' lang='lat' dir='ltr'>ponerent</span> <span class='ocrx_word' id='word_1_179' title='bbox 698 1972 771 2022; x_wconf 82' lang='lat' dir='ltr'>aliua</span> <span class='ocrx_word' id='word_1_180' title='bbox 805 1983 869 2018; x_wconf 85' lang='lat' dir='ltr'>num</span> <span class='ocrx_word' id='word_1_181' title='bbox 893 1982 951 2020; x_wconf 83' lang='lat' dir='ltr'>reor</span> <span class='ocrx_word' id='word_1_182' title='bbox 975 1975 1078 2032; x_wconf 73' lang='lat' dir='ltr'>totam¹</span> <span class='ocrx_word' id='word_1_183' title='bbox 1094 1969 1234 2020; x_wconf 61' lang='lat' dir='ltr'>linierunt</span> <span class='ocrx_word' id='word_1_184' title='bbox 1258 1969 1352 2039; x_wconf 84' lang='lat' dir='ltr'>logo-</span> 
     </span>
     <span class='ocr_line' id='line_1_20' title="bbox 236 2033 1347 2108; baseline 0.003 -18"><span class='ocrx_word' id='word_1_185' title='bbox 236 2037 316 2090; x_wconf 79' lang='lat' dir='ltr'>aliud</span> <span class='ocrx_word' id='word_1_186' title='bbox 338 2052 449 2092; x_wconf 86' lang='lat' dir='ltr'>nomen.</span> <span class='ocrx_word' id='word_1_187' title='bbox 484 2039 544 2092; x_wconf 86' lang='lat' dir='ltr'>Nee</span> <span class='ocrx_word' id='word_1_188' title='bbox 569 2041 684 2092; x_wconf 90' lang='lat' dir='ltr'>dubium</span> <span class='ocrx_word' id='word_1_189' title='bbox 710 2049 771 2108; x_wconf 87' lang='lat' dir='ltr'>put·</span> <span class='ocrx_word' id='word_1_190' title='bbox 804 2033 915 2104; x_wconf 77' lang='lat' dir='ltr'>graphi.</span> <span class='ocrx_word' id='word_1_191' title='bbox 951 2035 1047 2090; x_wconf 78' lang='lat' dir='ltr'>Siere</span> <span class='ocrx_word' id='word_1_192' title='bbox 1067 2039 1224 2103; x_wconf 73' lang='lat' dir='ltr'>polluerer</span> <span class='ocrx_word' id='word_1_193' title='bbox 1244 2035 1347 2093; x_wconf 73' lang='lat' dir='ltr'>hahet.</span> 
     </span>
     <span class='ocr_line' id='line_1_21' title="bbox 237 2105 1345 2176; baseline 0.001 -18"><span class='ocrx_word' id='word_1_194' title='bbox 237 2112 281 2158; x_wconf 84' lang='lat' dir='ltr'>ert</span> <span class='ocrx_word' id='word_1_195' title='bbox 298 2121 369 2170; x_wconf 79' lang='lat' dir='ltr'>ease,</span> <span class='ocrx_word' id='word_1_196' title='bbox 385 2108 452 2176; x_wconf 91' lang='lat' dir='ltr'>quin</span> <span class='ocrx_word' id='word_1_197' title='bbox 465 2105 535 2161; x_wconf 86' lang='lat' dir='ltr'>haee</span> <span class='ocrx_word' id='word_1_198' title='bbox 548 2107 771 2174; x_wconf 80' lang='lat' dir='ltr'>Ammochostua,</span> <span class='ocrx_word' id='word_1_199' title='bbox 803 2106 889 2157; x_wconf 89' lang='lat' dir='ltr'>luitio</span> <span class='ocrx_word' id='word_1_200' title='bbox 913 2105 943 2154; x_wconf 91' lang='lat' dir='ltr'>in</span> <span class='ocrx_word' id='word_1_201' title='bbox 960 2105 1013 2155; x_wconf 90' lang='lat' dir='ltr'>illa</span> <span class='ocrx_word' id='word_1_202' title='bbox 1030 2113 1111 2170; x_wconf 88' lang='lat' dir='ltr'>parte</span> <span class='ocrx_word' id='word_1_203' title='bbox 1128 2106 1222 2158; x_wconf 74' lang='lat' dir='ltr'>litorio</span> <span class='ocrx_word' id='word_1_204' title='bbox 1241 2109 1345 2174; x_wconf 84' lang='lat' dir='ltr'>Cyprii</span> 
     </span>
     <span class='ocr_line' id='line_1_22' title="bbox 237 2172 1350 2244; baseline 0.004 -20"><span class='ocrx_word' id='word_1_205' title='bbox 237 2173 290 2226; x_wconf 87' lang='lat' dir='ltr'>hoe</span> <span class='ocrx_word' id='word_1_206' title='bbox 307 2183 351 2228; x_wconf 76' lang='lat' dir='ltr'>est</span> <span class='ocrx_word' id='word_1_207' title='bbox 376 2193 491 2229; x_wconf 79' lang='lat' dir='ltr'>arena</span> <span class='ocrx_word' id='word_1_208' title='bbox 515 2193 637 2231; x_wconf 75' lang='lat' dir='ltr'>ancum</span> <span class='ocrx_word' id='word_1_209' title='bbox 647 2195 664 2230; x_wconf 90' lang='grc' dir='ltr'>ιι</span> <span class='ocrx_word' id='word_1_210' title='bbox 673 2180 683 2230; x_wconf 83' lang='grc'>1</span> <span class='ocrx_word' id='word_1_211' title='bbox 693 2185 770 2240; x_wconf 71' lang='lat' dir='ltr'>atu,</span> <span class='ocrx_word' id='word_1_212' title='bbox 804 2172 960 2226; x_wconf 78' lang='lat' dir='ltr'>Phoenicen</span> <span class='ocrx_word' id='word_1_213' title='bbox 970 2174 1350 2244; x_wconf 79' lang='lat' dir='ltr'>consederautquodamque</span> 
     </span>
     <span class='ocr_line' id='line_1_23' title="bbox 237 2242 1348 2316; baseline 0.002 -20"><span class='ocrx_word' id='word_1_214' title='bbox 237 2259 322 2312; x_wconf 87' lang='lat' dir='ltr'>quam</span> <span class='ocrx_word' id='word_1_215' title='bbox 341 2245 401 2297; x_wconf 82' lang='lat' dir='ltr'>dixi</span> <span class='ocrx_word' id='word_1_216' title='bbox 418 2247 512 2298; x_wconf 76' lang='lat' dir='ltr'>solum</span> <span class='ocrx_word' id='word_1_217' title='bbox 535 2248 565 2299; x_wconf 93' lang='lat' dir='ltr'>in</span> <span class='ocrx_word' id='word_1_218' title='bbox 583 2245 636 2299; x_wconf 88' lang='lat' dir='ltr'>hoo</span> <span class='ocrx_word' id='word_1_219' title='bbox 659 2248 770 2316; x_wconf 91' lang='lat' dir='ltr'>periplo</span> <span class='ocrx_word' id='word_1_220' title='bbox 804 2258 822 2294; x_wconf 88' lang='lat' dir='ltr'>a</span> <span class='ocrx_word' id='word_1_221' title='bbox 840 2243 910 2293; x_wconf 88' lang='lat' dir='ltr'>mari</span> <span class='ocrx_word' id='word_1_222' title='bbox 928 2242 1022 2308; x_wconf 74' lang='lat' dir='ltr'>spatio</span> <span class='ocrx_word' id='word_1_223' title='bbox 1041 2243 1175 2309; x_wconf 89' lang='lat' dir='ltr'>oppidum</span> <span class='ocrx_word' id='word_1_224' title='bbox 1197 2246 1227 2297; x_wconf 88' lang='lat' dir='ltr'>in</span> <span class='ocrx_word' id='word_1_225' title='bbox 1248 2255 1348 2298; x_wconf 88' lang='lat' dir='ltr'>monte</span> 
     </span>
     <span class='ocr_line' id='line_1_24' title="bbox 238 2309 1346 2380; baseline 0.001 -14"><span class='ocrx_word' id='word_1_226' title='bbox 238 2319 268 2366; x_wconf 86' lang='lat' dir='ltr'>et</span> <span class='ocrx_word' id='word_1_227' title='bbox 290 2313 319 2366; x_wconf 89' lang='lat' dir='ltr'>in</span> <span class='ocrx_word' id='word_1_228' title='bbox 338 2309 504 2368; x_wconf 80' lang='lat' dir='ltr'>ldrasmiaoh</span> <span class='ocrx_word' id='word_1_229' title='bbox 527 2317 653 2370; x_wconf 86' lang='lat' dir='ltr'>editione</span> <span class='ocrx_word' id='word_1_230' title='bbox 676 2317 771 2368; x_wconf 90' lang='lat' dir='ltr'>Ptole·</span> <span class='ocrx_word' id='word_1_231' title='bbox 805 2310 1007 2374; x_wconf 78' lang='lat' dir='ltr'>aedificarent,</span> <span class='ocrx_word' id='word_1_232' title='bbox 1033 2313 1108 2379; x_wconf 90' lang='lat' dir='ltr'>quud</span> <span class='ocrx_word' id='word_1_233' title='bbox 1127 2319 1195 2380; x_wconf 88' lang='lat' dir='ltr'>quia</span> <span class='ocrx_word' id='word_1_234' title='bbox 1216 2320 1346 2366; x_wconf 83' lang='lat' dir='ltr'>montem</span> 
     </span>
     <span class='ocr_line' id='line_1_25' title="bbox 237 2381 1347 2453; baseline 0.001 -19"><span class='ocrx_word' id='word_1_235' title='bbox 237 2382 312 2436; x_wconf 90' lang='lat' dir='ltr'>maei</span> <span class='ocrx_word' id='word_1_236' title='bbox 335 2386 560 2448; x_wconf 80' lang='lat' dir='ltr'>commemorari,</span> <span class='ocrx_word' id='word_1_237' title='bbox 579 2402 612 2438; x_wconf 87' lang='lat' dir='ltr'>en</span> <span class='ocrx_word' id='word_1_238' title='bbox 629 2387 668 2438; x_wconf 80' lang='lat' dir='ltr'>rit</span> <span class='ocrx_word' id='word_1_239' title='bbox 693 2387 770 2453; x_wconf 74' lang='lat' dir='ltr'>urba,</span> <span class='ocrx_word' id='word_1_240' title='bbox 803 2381 865 2433; x_wconf 88' lang='lat' dir='ltr'>lero</span> <span class='ocrx_word' id='word_1_241' title='bbox 891 2387 984 2432; x_wconf 87' lang='lat' dir='ltr'>totum</span> <span class='ocrx_word' id='word_1_242' title='bbox 1009 2383 1157 2449; x_wconf 80' lang='lat' dir='ltr'>cingebar,</span> <span class='ocrx_word' id='word_1_243' title='bbox 1184 2398 1202 2435; x_wconf 88' lang='lat' dir='ltr'>a</span> <span class='ocrx_word' id='word_1_244' title='bbox 1226 2382 1347 2436; x_wconf 77' lang='lat' dir='ltr'>Graecia</span> 
     </span>
     <span class='ocr_line' id='line_1_26' title="bbox 238 2446 1346 2525; baseline 0 -21"><span class='ocrx_word' id='word_1_245' title='bbox 238 2468 311 2520; x_wconf 85' lang='lat' dir='ltr'>quae</span> <span class='ocrx_word' id='word_1_246' title='bbox 345 2470 419 2506; x_wconf 89' lang='lat' dir='ltr'>uuno</span> <span class='ocrx_word' id='word_1_247' title='bbox 463 2455 687 2525; x_wconf 79' lang='lat' dir='ltr'>Famugosta</span> <span class='ocrx_word' id='word_1_248' title='bbox 720 2461 770 2508; x_wconf 91' lang='lat' dir='ltr'>aut</span> <span class='ocrx_word' id='word_1_249' title='bbox 804 2449 875 2502; x_wconf 84' lang='lat' dir='ltr'>illue</span> <span class='ocrx_word' id='word_1_250' title='bbox 907 2450 1054 2503; x_wconf 80' lang='lat' dir='ltr'>venientes</span> <span class='ocrx_word' id='word_1_251' title='bbox 1085 2446 1207 2520; x_wconf 71' lang='grc' dir='ltr'><strong><em>Καρνίνη</em></strong></span> <span class='ocrx_word' id='word_1_252' title='bbox 1239 2452 1346 2504; x_wconf 83' lang='lat' dir='ltr'>dietum</span> 
     </span>
     <span class='ocr_line' id='line_1_27' title="bbox 237 2519 1344 2592; baseline -0.003 -18"><span class='ocrx_word' id='word_1_253' title='bbox 237 2523 463 2592; x_wconf 74' lang='lat' dir='ltr'>h&#39;amaguuta</span> <span class='ocrx_word' id='word_1_254' title='bbox 482 2525 598 2578; x_wconf 89' lang='lat' dir='ltr'>dieitur.</span> <span class='ocrx_word' id='word_1_255' title='bbox 647 2525 771 2578; x_wconf 83' lang='lat' dir='ltr'>Priorum</span> <span class='ocrx_word' id='word_1_256' title='bbox 806 2527 865 2583; x_wconf 82' lang='lat' dir='ltr'>eat3</span> <span class='ocrx_word' id='word_1_257' title='bbox 883 2520 959 2586; x_wconf 73' lang='lat' dir='ltr'>(nam</span> <span class='ocrx_word' id='word_1_258' title='bbox 977 2521 1054 2588; x_wconf 89' lang='lat' dir='ltr'>quod</span> <span class='ocrx_word' id='word_1_259' title='bbox 1080 2522 1140 2574; x_wconf 78' lang='lat' dir='ltr'>eiua</span> <span class='ocrx_word' id='word_1_260' title='bbox 1163 2519 1344 2588; x_wconf 76' lang='lat' dir='ltr'>phoenicium</span> 
     </span>
     <span class='ocr_line' id='line_1_28' title="bbox 237 2587 1341 2658; baseline 0.001 -13"><span class='ocrx_word' id='word_1_261' title='bbox 237 2593 312 2646; x_wconf 87' lang='lat' dir='ltr'>enim</span> <span class='ocrx_word' id='word_1_262' title='bbox 342 2593 498 2645; x_wconf 81' lang='lat' dir='ltr'>Cruoiua</span> <span class='ocrx_word' id='word_1_263' title='bbox 519 2596 550 2646; x_wconf 91' lang='lat' dir='ltr'>iu</span> <span class='ocrx_word' id='word_1_264' title='bbox 580 2593 655 2647; x_wconf 83' lang='lat' dir='ltr'>libro</span> <span class='ocrx_word' id='word_1_265' title='bbox 679 2597 771 2646; x_wconf 90' lang='lat' dir='ltr'>Tur·</span> <span class='ocrx_word' id='word_1_266' title='bbox 805 2587 893 2640; x_wconf 88' lang='lat' dir='ltr'>luerit</span> <span class='ocrx_word' id='word_1_267' title='bbox 910 2603 1025 2652; x_wconf 89' lang='lat' dir='ltr'>nomeu,</span> <span class='ocrx_word' id='word_1_268' title='bbox 1042 2589 1205 2658; x_wconf 71' lang='lat' dir='ltr'>nescimus.)</span> <span class='ocrx_word' id='word_1_269' title='bbox 1242 2593 1341 2646; x_wconf 82' lang='lat' dir='ltr'>Nume-</span> 
     </span>
     <span class='ocr_line' id='line_1_29' title="bbox 237 2658 1341 2732; baseline 0.002 -20"><span class='ocrx_word' id='word_1_270' title='bbox 237 2665 435 2730; x_wconf 79' lang='lat' dir='ltr'>oograeoia</span> <span class='ocrx_word' id='word_1_271' title='bbox 455 2664 593 2732; x_wconf 76' lang='lat' dir='ltr'>inscripto</span> <span class='ocrx_word' id='word_1_272' title='bbox 613 2680 640 2732; x_wconf 91' lang='lat' dir='ltr'>p.</span> <span class='ocrx_word' id='word_1_273' title='bbox 652 2666 704 2716; x_wconf 64' lang='grc' dir='ltr'><strong><em>λιιι)</em></strong></span> <span class='ocrx_word' id='word_1_274' title='bbox 720 2663 772 2726; x_wconf 88' lang='lat' dir='ltr'>ait,</span> <span class='ocrx_word' id='word_1_275' title='bbox 805 2673 839 2710; x_wconf 90' lang='lat' dir='ltr'>ro</span> <span class='ocrx_word' id='word_1_276' title='bbox 865 2658 1037 2712; x_wconf 87' lang='lat' dir='ltr'>advenarum</span> <span class='ocrx_word' id='word_1_277' title='bbox 1069 2661 1190 2714; x_wconf 79' lang='lat' dir='ltr'>maixime</span> <span class='ocrx_word' id='word_1_278' title='bbox 1222 2661 1341 2714; x_wconf 82' lang='lat' dir='ltr'>Graeco·</span> 
     </span>
     <span class='ocr_line' id='line_1_30' title="bbox 192 2730 1342 2801; baseline 0.002 -21"><span class='ocrx_word' id='word_1_279' title='bbox 192 2785 194 2790; x_wconf 62' lang='grc'>,</span> <span class='ocrx_word' id='word_1_280' title='bbox 237 2730 292 2786; x_wconf 81' lang='lat' dir='ltr'>hoe</span> <span class='ocrx_word' id='word_1_281' title='bbox 312 2733 446 2801; x_wconf 87' lang='lat' dir='ltr'>oppidum</span> <span class='ocrx_word' id='word_1_282' title='bbox 464 2736 548 2786; x_wconf 79' lang='lat' dir='ltr'>etiam</span> <span class='ocrx_word' id='word_1_283' title='bbox 568 2735 678 2786; x_wconf 77' lang='lat' dir='ltr'>tunrab</span> <span class='ocrx_word' id='word_1_284' title='bbox 696 2735 773 2786; x_wconf 81' lang='lat' dir='ltr'>ineo·</span> <span class='ocrx_word' id='word_1_285' title='bbox 806 2744 866 2780; x_wconf 89' lang='lat' dir='ltr'>rum</span> <span class='ocrx_word' id='word_1_286' title='bbox 884 2735 984 2795; x_wconf 83' lang='lat' dir='ltr'>postea</span> <span class='ocrx_word' id='word_1_287' title='bbox 1008 2737 1093 2781; x_wconf 84' lang='lat' dir='ltr'>aneto</span> <span class='ocrx_word' id='word_1_288' title='bbox 1118 2747 1220 2782; x_wconf 85' lang='lat' dir='ltr'>novam</span> <span class='ocrx_word' id='word_1_289' title='bbox 1245 2733 1342 2784; x_wconf 89' lang='lat' dir='ltr'>urbem</span> 
     </span>
    </p>
   </div>
   <div class='ocr_carea' id='block_1_5' title="bbox 236 2796 1435 2942">
    <p class='ocr_par' dir='ltr' id='par_1_5' title="bbox 236 2796 1435 2942">
     <span class='ocr_line' id='line_1_31' title="bbox 236 2796 1435 2876; baseline -0.002 -24"><span class='ocrx_word' id='word_1_290' title='bbox 236 2802 401 2856; x_wconf 79' lang='lat' dir='ltr'>liaGraeeio</span> <span class='ocrx_word' id='word_1_291' title='bbox 417 2803 473 2854; x_wconf 90' lang='lat' dir='ltr'>dici</span> <span class='ocrx_word' id='word_1_292' title='bbox 487 2806 603 2856; x_wconf 79' lang='lat' dir='ltr'>solitum</span> <span class='ocrx_word' id='word_1_293' title='bbox 618 2797 669 2872; x_wconf 81' lang='grc' dir='ltr'>τὴν</span> <span class='ocrx_word' id='word_1_294' title='bbox 681 2796 772 2871; x_wconf 58' lang='lat' dir='ltr'>&#39;alped-</span> <span class='ocrx_word' id='word_1_295' title='bbox 808 2797 962 2852; x_wconf 88' lang='lat' dir='ltr'>condidere</span> <span class='ocrx_word' id='word_1_296' title='bbox 981 2799 1018 2876; x_wconf 71' lang='lat' dir='ltr'>ad</span> <span class='ocrx_word' id='word_1_297' title='bbox 1038 2814 1116 2852; x_wconf 86' lang='lat' dir='ltr'>mare</span> <span class='ocrx_word' id='word_1_298' title='bbox 1142 2808 1172 2854; x_wconf 90' lang='lat' dir='ltr'>et</span> <span class='ocrx_word' id='word_1_299' title='bbox 1188 2801 1252 2852; x_wconf 90' lang='lat' dir='ltr'>loco</span> <span class='ocrx_word' id='word_1_300' title='bbox 1282 2803 1344 2869; x_wconf 91' lang='lat' dir='ltr'>qui·</span> <span class='ocrx_word' id='word_1_301' title='bbox 1434 2837 1435 2876; x_wconf 68' lang='lat'>1</span> 
     </span>
     <span class='ocr_line' id='line_1_32' title="bbox 236 2866 1344 2942; baseline -0.004 -18"><span class='ocrx_word' id='word_1_302' title='bbox 236 2887 369 2938; x_wconf 74' lang='grc' dir='ltr'><strong><em>χοααιον,</em></strong></span> <span class='ocrx_word' id='word_1_303' title='bbox 387 2872 563 2942; x_wconf 88' lang='lat' dir='ltr'>alterumque</span> <span class='ocrx_word' id='word_1_304' title='bbox 576 2881 774 2941; x_wconf 88' lang='lat' dir='ltr'>argumentum</span> <span class='ocrx_word' id='word_1_305' title='bbox 804 2866 873 2918; x_wconf 83' lang='lat' dir='ltr'>&#39;dem</span> <span class='ocrx_word' id='word_1_306' title='bbox 896 2868 933 2920; x_wconf 92' lang='lat' dir='ltr'>ad</span> <span class='ocrx_word' id='word_1_307' title='bbox 957 2869 1156 2935; x_wconf 86' lang='lat' dir='ltr'>appellendunr</span> <span class='ocrx_word' id='word_1_308' title='bbox 1185 2871 1344 2937; x_wconf 73' lang='lat' dir='ltr'>aptissimo,</span> 
     </span>
    </p>
   </div>
   <div class='ocr_carea' id='block_1_6' title="bbox 235 2937 1348 3767">
    <p class='ocr_par' dir='ltr' id='par_1_6' title="bbox 235 2937 1348 3767">
     <span class='ocr_line' id='line_1_33' title="bbox 238 2937 1345 3008; baseline 0.008 -18"><span class='ocrx_word' id='word_1_309' title='bbox 238 2941 283 2990; x_wconf 89' lang='lat' dir='ltr'>hic</span> <span class='ocrx_word' id='word_1_310' title='bbox 315 2946 413 2992; x_wconf 74' lang='lat' dir='ltr'>noster</span> <span class='ocrx_word' id='word_1_311' title='bbox 442 2943 566 3008; x_wconf 77' lang='lat' dir='ltr'>periplus</span> <span class='ocrx_word' id='word_1_312' title='bbox 602 2941 773 3008; x_wconf 78' lang='lat' dir='ltr'>suppeditat,</span> <span class='ocrx_word' id='word_1_313' title='bbox 807 2937 1345 3006; x_wconf 57' lang='lat' dir='ltr'>quamutaliaquoqueoppilatum?-</span> 
     </span>
     <span class='ocr_line' id='line_1_34' title="bbox 238 3005 1347 3076; baseline 0 -18"><span class='ocrx_word' id='word_1_314' title='bbox 238 3007 313 3074; x_wconf 92' lang='lat' dir='ltr'>quod</span> <span class='ocrx_word' id='word_1_315' title='bbox 327 3007 380 3060; x_wconf 88' lang='lat' dir='ltr'>hoo</span> <span class='ocrx_word' id='word_1_316' title='bbox 393 3016 445 3071; x_wconf 83' lang='lat' dir='ltr'>eet,</span> <span class='ocrx_word' id='word_1_317' title='bbox 463 3011 493 3060; x_wconf 91' lang='lat' dir='ltr'>iu</span> <span class='ocrx_word' id='word_1_318' title='bbox 505 3012 586 3062; x_wconf 87' lang='lat' dir='ltr'>aditu</span> <span class='ocrx_word' id='word_1_319' title='bbox 600 3019 698 3076; x_wconf 79' lang='lat' dir='ltr'>portua</span> <span class='ocrx_word' id='word_1_320' title='bbox 713 3025 772 3061; x_wconf 83' lang='lat' dir='ltr'>sco·</span> <span class='ocrx_word' id='word_1_321' title='bbox 808 3013 888 3056; x_wconf 88' lang='lat' dir='ltr'>terea</span> <span class='ocrx_word' id='word_1_322' title='bbox 896 3005 972 3072; x_wconf 93' lang='lat' dir='ltr'>quod</span> <span class='ocrx_word' id='word_1_323' title='bbox 982 3008 1112 3058; x_wconf 76' lang='lat' dir='ltr'>essentia</span> <span class='ocrx_word' id='word_1_324' title='bbox 1119 3006 1347 3060; x_wconf 81' lang='lat' dir='ltr'>iooiemaritinria</span> 
     </span>
     <span class='ocr_line' id='line_1_35' title="bbox 238 3073 1345 3142; baseline 0.003 -18"><span class='ocrx_word' id='word_1_325' title='bbox 238 3075 320 3142; x_wconf 83' lang='lat' dir='ltr'>puloa</span> <span class='ocrx_word' id='word_1_326' title='bbox 341 3091 419 3139; x_wconf 80' lang='lat' dir='ltr'>erne,</span> <span class='ocrx_word' id='word_1_327' title='bbox 438 3085 471 3130; x_wconf 87' lang='lat' dir='ltr'>ut</span> <span class='ocrx_word' id='word_1_328' title='bbox 488 3089 571 3130; x_wconf 73' lang='lat' dir='ltr'>cnuto</span> <span class='ocrx_word' id='word_1_329' title='bbox 597 3079 699 3134; x_wconf 76' lang='lat' dir='ltr'>intrari</span> <span class='ocrx_word' id='word_1_330' title='bbox 726 3079 773 3130; x_wconf 77' lang='lat' dir='ltr'>de·</span> <span class='ocrx_word' id='word_1_331' title='bbox 808 3073 970 3137; x_wconf 83' lang='lat' dir='ltr'>aedificata,</span> <span class='ocrx_word' id='word_1_332' title='bbox 987 3075 1138 3142; x_wconf 86' lang='grc' dir='ltr'><strong><em>Σαλαμῖνα</em></strong></span> <span class='ocrx_word' id='word_1_333' title='bbox 1163 3085 1345 3128; x_wconf 80' lang='lat' dir='ltr'>vocaverunt.</span> 
     </span>
     <span class='ocr_line' id='line_1_36' title="bbox 237 3143 1347 3216; baseline 0 -20"><span class='ocrx_word' id='word_1_334' title='bbox 237 3145 314 3199; x_wconf 88' lang='lat' dir='ltr'>beat.</span> <span class='ocrx_word' id='word_1_335' title='bbox 350 3144 423 3198; x_wconf 86' lang='lat' dir='ltr'>Nam</span> <span class='ocrx_word' id='word_1_336' title='bbox 442 3162 609 3216; x_wconf 87' lang='lat' dir='ltr'>quamquam</span> <span class='ocrx_word' id='word_1_337' title='bbox 634 3146 773 3214; x_wconf 78' lang='lat' dir='ltr'>interpre-</span> <span class='ocrx_word' id='word_1_338' title='bbox 806 3143 846 3194; x_wconf 81' lang='lat' dir='ltr'>nc</span> <span class='ocrx_word' id='word_1_339' title='bbox 873 3143 899 3193; x_wconf 79' lang='lat' dir='ltr'>si</span> <span class='ocrx_word' id='word_1_340' title='bbox 924 3145 1076 3212; x_wconf 84' lang='lat' dir='ltr'>quidquam</span> <span class='ocrx_word' id='word_1_341' title='bbox 1101 3147 1239 3214; x_wconf 82' lang='lat' dir='ltr'>originem</span> <span class='ocrx_word' id='word_1_342' title='bbox 1264 3145 1347 3196; x_wconf 80' lang='lat' dir='ltr'>urbia</span> 
     </span>
     <span class='ocr_line' id='line_1_37' title="bbox 236 3209 1347 3284; baseline 0 -18"><span class='ocrx_word' id='word_1_343' title='bbox 236 3214 310 3266; x_wconf 87' lang='lat' dir='ltr'>tatio</span> <span class='ocrx_word' id='word_1_344' title='bbox 327 3217 492 3284; x_wconf 81' lang='lat' dir='ltr'>germanica</span> <span class='ocrx_word' id='word_1_345' title='bbox 508 3213 680 3269; x_wconf 83' lang='lat' dir='ltr'>Pocoelriani</span> <span class='ocrx_word' id='word_1_346' title='bbox 707 3231 773 3282; x_wconf 87' lang='lat' dir='ltr'>ope·</span> <span class='ocrx_word' id='word_1_347' title='bbox 807 3209 987 3278; x_wconf 85' lang='lat' dir='ltr'>phoeniciam</span> <span class='ocrx_word' id='word_1_348' title='bbox 1014 3213 1131 3279; x_wconf 87' lang='lat' dir='ltr'>probat,</span> <span class='ocrx_word' id='word_1_349' title='bbox 1155 3217 1209 3266; x_wconf 89' lang='lat' dir='ltr'>hoc</span> <span class='ocrx_word' id='word_1_350' title='bbox 1234 3213 1347 3280; x_wconf 86' lang='lat' dir='ltr'>probat,</span> 
     </span>
     <span class='ocr_line' id='line_1_38' title="bbox 237 3273 1343 3352; baseline -0.003 -16"><span class='ocrx_word' id='word_1_351' title='bbox 237 3284 278 3336; x_wconf 77' lang='lat' dir='ltr'>ria</span> <span class='ocrx_word' id='word_1_352' title='bbox 302 3292 335 3336; x_wconf 93' lang='lat' dir='ltr'>ut</span> <span class='ocrx_word' id='word_1_353' title='bbox 359 3299 444 3350; x_wconf 76' lang='lat' dir='ltr'>saepe</span> <span class='ocrx_word' id='word_1_354' title='bbox 469 3285 543 3338; x_wconf 83' lang='lat' dir='ltr'>aliea</span> <span class='ocrx_word' id='word_1_355' title='bbox 563 3286 606 3352; x_wconf 78' lang='lat' dir='ltr'>ita</span> <span class='ocrx_word' id='word_1_356' title='bbox 631 3283 682 3338; x_wconf 89' lang='lat' dir='ltr'>hoe</span> <span class='ocrx_word' id='word_1_357' title='bbox 708 3285 772 3336; x_wconf 86' lang='lat' dir='ltr'>loco</span> <span class='ocrx_word' id='word_1_358' title='bbox 808 3281 884 3348; x_wconf 84' lang='lat' dir='ltr'>quod</span> <span class='ocrx_word' id='word_1_359' title='bbox 908 3273 1076 3334; x_wconf 77' lang='lat' dir='ltr'>Lactantius</span> <span class='ocrx_word' id='word_1_360' title='bbox 1099 3282 1149 3336; x_wconf 85' lang='lat' dir='ltr'>lib.</span> <span class='ocrx_word' id='word_1_361' title='bbox 1175 3286 1205 3351; x_wconf 89' lang='lat' dir='ltr'>l,</span> <span class='ocrx_word' id='word_1_362' title='bbox 1233 3297 1293 3349; x_wconf 84' lang='lat' dir='ltr'>cap.</span> <span class='ocrx_word' id='word_1_363' title='bbox 1311 3285 1343 3334; x_wconf 84' lang='lat'>21</span> 
     </span>
     <span class='ocr_line' id='line_1_39' title="bbox 237 3347 1343 3419; baseline 0.001 -15"><span class='ocrx_word' id='word_1_364' title='bbox 237 3351 435 3415; x_wconf 72' lang='lat' dir='ltr'>obscurarent,</span> <span class='ocrx_word' id='word_1_365' title='bbox 460 3352 514 3407; x_wconf 86' lang='lat' dir='ltr'>hoe</span> <span class='ocrx_word' id='word_1_366' title='bbox 531 3353 773 3407; x_wconf 82' lang='lat' dir='ltr'>tamenindieari</span> <span class='ocrx_word' id='word_1_367' title='bbox 807 3347 878 3400; x_wconf 88' lang='lat' dir='ltr'>haee</span> <span class='ocrx_word' id='word_1_368' title='bbox 903 3358 1015 3402; x_wconf 86' lang='lat' dir='ltr'>narrat:</span> <span class='ocrx_word' id='word_1_369' title='bbox 1043 3352 1124 3418; x_wconf 78' lang='lat' dir='ltr'>Apud</span> <span class='ocrx_word' id='word_1_370' title='bbox 1153 3352 1241 3419; x_wconf 86' lang='lat' dir='ltr'>cypri</span> <span class='ocrx_word' id='word_1_371' title='bbox 1265 3352 1343 3404; x_wconf 78' lang='lat' dir='ltr'>Sala·</span> 
     </span>
     <span class='ocr_line' id='line_1_40' title="bbox 236 3417 1342 3493; baseline -0.001 -22"><span class='ocrx_word' id='word_1_372' title='bbox 236 3421 359 3477; x_wconf 71' lang='lat' dir='ltr'>ridetur,</span> <span class='ocrx_word' id='word_1_373' title='bbox 372 3429 485 3489; x_wconf 82' lang='lat' dir='ltr'>portum</span> <span class='ocrx_word' id='word_1_374' title='bbox 494 3424 588 3493; x_wconf 87' lang='lat' dir='ltr'>aliqua</span> <span class='ocrx_word' id='word_1_375' title='bbox 604 3430 685 3491; x_wconf 90' lang='lat' dir='ltr'>parte</span> <span class='ocrx_word' id='word_1_376' title='bbox 696 3422 774 3490; x_wconf 82' lang='lat' dir='ltr'>cingi</span> <span class='ocrx_word' id='word_1_377' title='bbox 807 3419 912 3470; x_wconf 87' lang='lat' dir='ltr'>minem</span> <span class='ocrx_word' id='word_1_378' title='bbox 942 3417 1093 3471; x_wconf 84' lang='lat' dir='ltr'>humanam</span> <span class='ocrx_word' id='word_1_379' title='bbox 1126 3418 1249 3472; x_wconf 87' lang='lat' dir='ltr'>hostiam</span> <span class='ocrx_word' id='word_1_380' title='bbox 1281 3421 1342 3473; x_wconf 82' lang='lat' dir='ltr'>lori</span> 
     </span>
     <span class='ocr_line' id='line_1_41' title="bbox 236 3488 1345 3561; baseline -0.002 -19"><span class='ocrx_word' id='word_1_381' title='bbox 236 3491 362 3557; x_wconf 75' lang='lat' dir='ltr'>rupibus.</span> <span class='ocrx_word' id='word_1_382' title='bbox 399 3491 461 3542; x_wconf 86' lang='lat' dir='ltr'>lloc</span> <span class='ocrx_word' id='word_1_383' title='bbox 478 3492 695 3561; x_wconf 73' lang='lat' dir='ltr'>significandum</span> <span class='ocrx_word' id='word_1_384' title='bbox 719 3498 772 3557; x_wconf 81' lang='lat' dir='ltr'>ent,</span> <span class='ocrx_word' id='word_1_385' title='bbox 808 3488 935 3538; x_wconf 72' lang='lat' dir='ltr'>&#39;teucrus</span> <span class='ocrx_word' id='word_1_386' title='bbox 951 3489 1126 3550; x_wconf 84' lang='lat' dir='ltr'>immolavit,</span> <span class='ocrx_word' id='word_1_387' title='bbox 1152 3490 1240 3557; x_wconf 88' lang='lat' dir='ltr'>idque</span> <span class='ocrx_word' id='word_1_388' title='bbox 1258 3489 1345 3542; x_wconf 80' lang='lat' dir='ltr'>sacri·</span> 
     </span>
     <span class='ocr_line' id='line_1_42' title="bbox 235 3554 1347 3629; baseline 0.001 -20"><span class='ocrx_word' id='word_1_389' title='bbox 235 3559 266 3612; x_wconf 90' lang='lat' dir='ltr'>iu</span> <span class='ocrx_word' id='word_1_390' title='bbox 285 3559 340 3612; x_wconf 86' lang='lat' dir='ltr'>hoc</span> <span class='ocrx_word' id='word_1_391' title='bbox 357 3559 468 3628; x_wconf 90' lang='lat' dir='ltr'>periplo</span> <span class='ocrx_word' id='word_1_392' title='bbox 487 3556 552 3624; x_wconf 79' lang='grc' dir='ltr'><strong><em>ἐκεῖ,</em></strong></span> <span class='ocrx_word' id='word_1_393' title='bbox 565 3576 731 3629; x_wconf 88' lang='lat' dir='ltr'>quamquam</span> <span class='ocrx_word' id='word_1_394' title='bbox 742 3560 772 3611; x_wconf 91' lang='lat' dir='ltr'>id</span> <span class='ocrx_word' id='word_1_395' title='bbox 808 3554 904 3608; x_wconf 78' lang='lat' dir='ltr'>tioium</span> <span class='ocrx_word' id='word_1_396' title='bbox 943 3558 1066 3623; x_wconf 81' lang='lat' dir='ltr'>po&#39;eterie</span> <span class='ocrx_word' id='word_1_397' title='bbox 1097 3558 1234 3625; x_wconf 81' lang='lat' dir='ltr'>tradidit,</span> <span class='ocrx_word' id='word_1_398' title='bbox 1270 3558 1347 3626; x_wconf 89' lang='lat' dir='ltr'>quod</span> 
     </span>
     <span class='ocr_line' id='line_1_43' title="bbox 236 3626 1348 3697; baseline 0 -17"><span class='ocrx_word' id='word_1_399' title='bbox 236 3636 391 3696; x_wconf 72' lang='lat' dir='ltr'>exspectes,</span> <span class='ocrx_word' id='word_1_400' title='bbox 408 3643 551 3696; x_wconf 87' lang='lat' dir='ltr'>nunquam</span> <span class='ocrx_word' id='word_1_401' title='bbox 569 3630 645 3697; x_wconf 90' lang='lat' dir='ltr'>poni,</span> <span class='ocrx_word' id='word_1_402' title='bbox 664 3638 696 3682; x_wconf 92' lang='lat' dir='ltr'>ut</span> <span class='ocrx_word' id='word_1_403' title='bbox 710 3644 771 3680; x_wconf 80' lang='lat' dir='ltr'>sae·</span> <span class='ocrx_word' id='word_1_404' title='bbox 806 3632 850 3676; x_wconf 85' lang='lat' dir='ltr'>ert</span> <span class='ocrx_word' id='word_1_405' title='bbox 881 3640 970 3692; x_wconf 87' lang='lat' dir='ltr'>nuper</span> <span class='ocrx_word' id='word_1_406' title='bbox 1003 3626 1148 3678; x_wconf 82' lang='lat' dir='ltr'>tladrinno</span> <span class='ocrx_word' id='word_1_407' title='bbox 1186 3629 1348 3694; x_wconf 85' lang='lat' dir='ltr'>imperante</span> 
     </span>
     <span class='ocr_line' id='line_1_44' title="bbox 236 3691 1348 3767; baseline 0.001 -19"><span class='ocrx_word' id='word_1_408' title='bbox 236 3711 287 3764; x_wconf 92' lang='lat' dir='ltr'>pe,</span> <span class='ocrx_word' id='word_1_409' title='bbox 308 3704 340 3750; x_wconf 93' lang='lat' dir='ltr'>ut</span> <span class='ocrx_word' id='word_1_410' title='bbox 358 3695 412 3749; x_wconf 86' lang='lat' dir='ltr'>hoe</span> <span class='ocrx_word' id='word_1_411' title='bbox 429 3697 509 3760; x_wconf 86' lang='lat' dir='ltr'>loeo,</span> <span class='ocrx_word' id='word_1_412' title='bbox 527 3712 583 3766; x_wconf 93' lang='lat' dir='ltr'>quo</span> <span class='ocrx_word' id='word_1_413' title='bbox 602 3713 674 3767; x_wconf 86' lang='lat' dir='ltr'>quae</span> <span class='ocrx_word' id='word_1_414' title='bbox 695 3698 772 3750; x_wconf 86' lang='lat' dir='ltr'>diota</span> <span class='ocrx_word' id='word_1_415' title='bbox 804 3691 955 3746; x_wconf 74' lang='lat' dir='ltr'>sublatum.</span> <span class='ocrx_word' id='word_1_416' title='bbox 978 3721 1013 3732; x_wconf 89' lang='lat'>-</span> <span class='ocrx_word' id='word_1_417' title='bbox 1054 3696 1160 3748; x_wconf 80' lang='lat' dir='ltr'>l’ortua</span> <span class='ocrx_word' id='word_1_418' title='bbox 1189 3694 1277 3749; x_wconf 87' lang='lat' dir='ltr'>hodie</span> <span class='ocrx_word' id='word_1_419' title='bbox 1302 3711 1348 3749; x_wconf 78' lang='lat' dir='ltr'>aa·</span> 
     </span>
    </p>
   </div>
   <div class='ocr_carea' id='block_1_7' title="bbox 236 3761 1433 3833">
    <p class='ocr_par' dir='ltr' id='par_1_7' title="bbox 236 3761 1433 3833">
     <span class='ocr_line' id='line_1_45' title="bbox 236 3761 1433 3833; baseline 0 -17"><span class='ocrx_word' id='word_1_420' title='bbox 236 3771 302 3816; x_wconf 78' lang='lat' dir='ltr'>nunt</span> <span class='ocrx_word' id='word_1_421' title='bbox 332 3764 434 3820; x_wconf 86' lang='lat' dir='ltr'>reierri</span> <span class='ocrx_word' id='word_1_422' title='bbox 473 3767 610 3833; x_wconf 87' lang='lat' dir='ltr'>debeant,</span> <span class='ocrx_word' id='word_1_423' title='bbox 650 3765 771 3822; x_wconf 81' lang='lat' dir='ltr'>nesciae.</span> <span class='ocrx_word' id='word_1_424' title='bbox 804 3761 874 3813; x_wconf 88' lang='lat' dir='ltr'>bulo</span> <span class='ocrx_word' id='word_1_425' title='bbox 892 3763 1027 3830; x_wconf 79' lang='lat' dir='ltr'>impletus</span> <span class='ocrx_word' id='word_1_426' title='bbox 1047 3773 1090 3817; x_wconf 79' lang='lat' dir='ltr'>eat</span> <span class='ocrx_word' id='word_1_427' title='bbox 1113 3768 1264 3833; x_wconf 74' lang='lat' dir='ltr'>riuosque,</span> <span class='ocrx_word' id='word_1_428' title='bbox 1293 3769 1347 3833; x_wconf 89' lang='lat' dir='ltr'>qui</span> <span class='ocrx_word' id='word_1_429' title='bbox 1432 3791 1433 3810; x_wconf 67' lang='grc' dir='ltr'>ι</span> 
     </span>
    </p>
   </div>
   <div class='ocr_carea' id='block_1_8' title="bbox 234 3831 1353 4318">
    <p class='ocr_par' dir='ltr' id='par_1_8' title="bbox 237 3831 1348 3904">
     <span class='ocr_line' id='line_1_46' title="bbox 237 3831 1348 3904; baseline 0.002 -21"><span class='ocrx_word' id='word_1_430' title='bbox 237 3833 322 3896; x_wconf 74' lang='lat' dir='ltr'>Quod</span> <span class='ocrx_word' id='word_1_431' title='bbox 342 3835 471 3897; x_wconf 87' lang='lat' dir='ltr'>additur,</span> <span class='ocrx_word' id='word_1_432' title='bbox 497 3842 608 3904; x_wconf 88' lang='lat' dir='ltr'>portum</span> <span class='ocrx_word' id='word_1_433' title='bbox 629 3836 664 3887; x_wconf 90' lang='lat' dir='ltr'>ab</span> <span class='ocrx_word' id='word_1_434' title='bbox 684 3837 771 3887; x_wconf 89' lang='lat' dir='ltr'>omni·</span> <span class='ocrx_word' id='word_1_435' title='bbox 806 3840 849 3883; x_wconf 81' lang='lat' dir='ltr'>eet</span> <span class='ocrx_word' id='word_1_436' title='bbox 862 3831 914 3894; x_wconf 89' lang='lat' dir='ltr'>ibi,</span> <span class='ocrx_word' id='word_1_437' title='bbox 934 3840 1039 3885; x_wconf 79' lang='lat' dir='ltr'>vetus</span> <span class='ocrx_word' id='word_1_438' title='bbox 1053 3833 1162 3886; x_wconf 78' lang='lat' dir='ltr'>Fama</span> <span class='ocrx_word' id='word_1_439' title='bbox 1170 3840 1281 3902; x_wconf 75' lang='lat' dir='ltr'>gutta</span> <span class='ocrx_word' id='word_1_440' title='bbox 1302 3834 1348 3886; x_wconf 87' lang='lat' dir='ltr'>di·</span> 
     </span>
    </p>

    <p class='ocr_par' dir='ltr' id='par_1_9' title="bbox 236 3901 893 3969">
     <span class='ocr_line' id='line_1_47' title="bbox 236 3901 893 3969; baseline -0.003 -17"><span class='ocrx_word' id='word_1_441' title='bbox 236 3902 289 3953; x_wconf 74' lang='lat' dir='ltr'>bus</span> <span class='ocrx_word' id='word_1_442' title='bbox 306 3917 368 3955; x_wconf 82' lang='lat' dir='ltr'>erre</span> <span class='ocrx_word' id='word_1_443' title='bbox 385 3906 477 3969; x_wconf 77' lang='lat' dir='ltr'>ventio</span> <span class='ocrx_word' id='word_1_444' title='bbox 490 3911 593 3968; x_wconf 89' lang='lat' dir='ltr'>tutum,</span> <span class='ocrx_word' id='word_1_445' title='bbox 611 3903 641 3956; x_wconf 95' lang='lat' dir='ltr'>id</span> <span class='ocrx_word' id='word_1_446' title='bbox 658 3905 701 3955; x_wconf 91' lang='lat' dir='ltr'>ita</span> <span class='ocrx_word' id='word_1_447' title='bbox 717 3910 772 3966; x_wconf 77' lang='lat' dir='ltr'>eet,</span> <span class='ocrx_word' id='word_1_448' title='bbox 807 3901 893 3952; x_wconf 86' lang='lat' dir='ltr'>citur.</span> 
     </span>
    </p>

    <p class='ocr_par' dir='ltr' id='par_1_10' title="bbox 234 3968 1351 4110">
     <span class='ocr_line' id='line_1_48' title="bbox 234 3968 1351 4039; baseline -0.004 -13"><span class='ocrx_word' id='word_1_449' title='bbox 234 3985 301 4026; x_wconf 84' lang='lat' dir='ltr'>uam</span> <span class='ocrx_word' id='word_1_450' title='bbox 315 3971 341 4021; x_wconf 79' lang='lat' dir='ltr'>io</span> <span class='ocrx_word' id='word_1_451' title='bbox 355 3972 393 4024; x_wconf 88' lang='lat' dir='ltr'>ad</span> <span class='ocrx_word' id='word_1_452' title='bbox 414 3974 637 4039; x_wconf 78' lang='lat' dir='ltr'>septentrionem</span> <span class='ocrx_word' id='word_1_453' title='bbox 651 3979 771 4038; x_wconf 80' lang='lat' dir='ltr'>apertat.</span> <span class='ocrx_word' id='word_1_454' title='bbox 839 3971 868 4034; x_wconf 73' lang='lat'>2)</span> <span class='ocrx_word' id='word_1_455' title='bbox 892 3970 985 4022; x_wconf 80' lang='lat' dir='ltr'>Etiam</span> <span class='ocrx_word' id='word_1_456' title='bbox 1015 3970 1127 4024; x_wconf 88' lang='lat' dir='ltr'>Strabo</span> <span class='ocrx_word' id='word_1_457' title='bbox 1150 3968 1235 4023; x_wconf 88' lang='lat' dir='ltr'>habet</span> <span class='ocrx_word' id='word_1_458' title='bbox 1266 3969 1351 4024; x_wconf 88' lang='lat' dir='ltr'>iuter</span> 
     </span>
     <span class='ocr_line' id='line_1_49' title="bbox 270 4038 1350 4110; baseline 0.002 -20"><span class='ocrx_word' id='word_1_459' title='bbox 270 4040 301 4104; x_wconf 80' lang='lat' dir='ltr'>l)</span> <span class='ocrx_word' id='word_1_460' title='bbox 321 4038 353 4092; x_wconf 82' lang='lat' dir='ltr'>si</span> <span class='ocrx_word' id='word_1_461' title='bbox 370 4039 406 4094; x_wconf 81' lang='lat' dir='ltr'>ab</span> <span class='ocrx_word' id='word_1_462' title='bbox 419 4041 616 4095; x_wconf 77' lang='lat' dir='ltr'>Ammochorto</span> <span class='ocrx_word' id='word_1_463' title='bbox 631 4042 773 4110; x_wconf 73' lang='lat' dir='ltr'>putandus</span> <span class='ocrx_word' id='word_1_464' title='bbox 806 4039 911 4092; x_wconf 83' lang='lat' dir='ltr'>Citium</span> <span class='ocrx_word' id='word_1_465' title='bbox 931 4047 1015 4108; x_wconf 85' lang='lat' dir='ltr'>atque</span> <span class='ocrx_word' id='word_1_466' title='bbox 1031 4038 1230 4094; x_wconf 79' lang='lat' dir='ltr'>Aurathuutear</span> <span class='ocrx_word' id='word_1_467' title='bbox 1246 4039 1350 4108; x_wconf 72' lang='grc' dir='ltr'><strong><em>πολίχ-</em></strong></span> 
     </span>
    </p>

    <p class='ocr_par' dir='ltr' id='par_1_11' title="bbox 236 4105 1350 4178">
     <span class='ocr_line' id='line_1_50' title="bbox 236 4105 1350 4178; baseline 0.001 -17"><span class='ocrx_word' id='word_1_468' title='bbox 236 4114 281 4161; x_wconf 80' lang='lat' dir='ltr'>ert</span> <span class='ocrx_word' id='word_1_469' title='bbox 299 4123 396 4162; x_wconf 77' lang='lat' dir='ltr'>eumue</span> <span class='ocrx_word' id='word_1_470' title='bbox 414 4109 568 4176; x_wconf 81' lang='lat' dir='ltr'>coniector,</span> <span class='ocrx_word' id='word_1_471' title='bbox 580 4126 712 4164; x_wconf 74' lang='lat' dir='ltr'>mensura</span> <span class='ocrx_word' id='word_1_472' title='bbox 729 4117 773 4164; x_wconf 81' lang='lat' dir='ltr'>eet</span> <span class='ocrx_word' id='word_1_473' title='bbox 805 4127 866 4178; x_wconf 74' lang='grc' dir='ltr'><strong><em>νην,</em></strong></span> <span class='ocrx_word' id='word_1_474' title='bbox 882 4105 1016 4164; x_wconf 79' lang='grc' dir='ltr'>Παλαιὰν</span> <span class='ocrx_word' id='word_1_475' title='bbox 1039 4105 1230 4178; x_wconf 74' lang='grc' dir='ltr'><strong><em>καλουμένην,</em></strong></span> <span class='ocrx_word' id='word_1_476' title='bbox 1253 4109 1350 4162; x_wconf 83' lang='lat' dir='ltr'>Poue-</span> 
     </span>
    </p>

    <p class='ocr_par' dir='ltr' id='par_1_12' title="bbox 235 4177 1350 4249">
     <span class='ocr_line' id='line_1_51' title="bbox 235 4177 1350 4249; baseline 0.002 -20"><span class='ocrx_word' id='word_1_477' title='bbox 235 4183 312 4231; x_wconf 86' lang='lat' dir='ltr'>eerte</span> <span class='ocrx_word' id='word_1_478' title='bbox 352 4177 559 4248; x_wconf 84' lang='lat' dir='ltr'>quinquaginta</span> <span class='ocrx_word' id='word_1_479' title='bbox 604 4179 772 4233; x_wconf 73' lang='lat' dir='ltr'>stadiorum.</span> <span class='ocrx_word' id='word_1_480' title='bbox 806 4177 944 4248; x_wconf 78' lang='lat' dir='ltr'>citiusque</span> <span class='ocrx_word' id='word_1_481' title='bbox 964 4180 1036 4232; x_wconf 85' lang='lat' dir='ltr'>dicit</span> <span class='ocrx_word' id='word_1_482' title='bbox 1052 4182 1083 4232; x_wconf 90' lang='lat' dir='ltr'>in</span> <span class='ocrx_word' id='word_1_483' title='bbox 1100 4182 1157 4234; x_wconf 81' lang='lat' dir='ltr'>iata</span> <span class='ocrx_word' id='word_1_484' title='bbox 1174 4195 1206 4232; x_wconf 80' lang='lat' dir='ltr'>re</span> <span class='ocrx_word' id='word_1_485' title='bbox 1223 4179 1350 4249; x_wconf 77' lang='lat' dir='ltr'>regione</span> 
     </span>
    </p>

    <p class='ocr_par' dir='ltr' id='par_1_13' title="bbox 237 4247 1353 4318">
     <span class='ocr_line' id='line_1_52' title="bbox 237 4247 1353 4318; baseline 0.004 -20"><span class='ocrx_word' id='word_1_486' title='bbox 237 4247 399 4300; x_wconf 78' lang='lat' dir='ltr'>communia</span> <span class='ocrx_word' id='word_1_487' title='bbox 424 4249 521 4316; x_wconf 91' lang='lat' dir='ltr'>opinio</span> <span class='ocrx_word' id='word_1_488' title='bbox 540 4257 600 4314; x_wconf 79' lang='lat' dir='ltr'>ert,</span> <span class='ocrx_word' id='word_1_489' title='bbox 626 4249 700 4304; x_wconf 83' lang='lat' dir='ltr'>haue</span> <span class='ocrx_word' id='word_1_490' title='bbox 724 4247 772 4302; x_wconf 83' lang='lat' dir='ltr'>Sa·</span> <span class='ocrx_word' id='word_1_491' title='bbox 806 4249 943 4318; x_wconf 79' lang='lat' dir='ltr'>reliquiae</span> <span class='ocrx_word' id='word_1_492' title='bbox 953 4258 1081 4305; x_wconf 81' lang='lat' dir='ltr'>veterum</span> <span class='ocrx_word' id='word_1_493' title='bbox 1099 4265 1244 4304; x_wconf 78' lang='lat' dir='ltr'>murorum</span> <span class='ocrx_word' id='word_1_494' title='bbox 1261 4264 1353 4318; x_wconf 85' lang='lat' dir='ltr'>repe·</span> 
     </span>
    </p>
   </div>
   <div class='ocr_carea' id='block_1_9' title="bbox 0 0 1441 4814">
    <p class='ocr_par' dir='ltr' id='par_1_14' title="bbox 0 0 1441 4814">
     <span class='ocr_line' id='line_1_53' title="bbox 0 0 1441 4814; baseline 0 0"><span class='ocrx_word' id='word_1_495' title='bbox 0 0 1441 4814; x_wconf 95' lang='lat' dir='ltr'> </span> 
     </span>
    </p>
   </div>
  </div>
 </body>
</html>
