2852 4816
763 409 821 465 xl!

317 588 389 654 Pol.
410 595 461 656 62.
485 585 620 674 ΤὍσοιι
640 587 810 672 γεγόνασιν
831 589 1008 675 αὐγοάσται
1028 596 1191 680 ῥωμαίων.

318 687 391 753 Ful
413 691 464 755 36.
488 687 681 773 averso†‘'
685 691 798 755 οοοι’
785 689 1038 776 επισκόπησαν’
1025 719 1061 760 εν
1081 696 1287 782 Βυξαντλῳ’
1269 698 1332 765 απδ

232 791 364 870 χριστοῦ
385 787 524 852 καὶτῶν
545 785 746 855 ἀποστόλων.

315 886 386 954 Fol
406 890 458 953 57.
481 885 539 972 †
538 884 638 952 Ὀσοι
636 890 788 971 βασιλεῖς
808 889 874 954 τῶν
894 889 972 956 δέκα
993 895 1112 977 φυλαῖν
1130 898 1190 961 τοῦ
1207 837 1333 984 Ἰσραὴλ

232 982 440 1068 ἐβασίλευσαν
462 985 498 1051 ἐν
520 986 715 1074 σαμαρελᾳ’
696 986 765 1052 απδ
789 992 855 1054 τῶν
883 989 1011 1076 χρόνων
1039 994 1166 1080 606066
1194 1001 1254 1063 τοῦ
1283 1015 1331 1064 σο

230 1089 395 1169 λομῶντος
412 1083 572 1170 βασιλέως
588 1083 697 1152 Ἰούδα
725 1087 785 1165 ἕως
804 1091 875 1174 τῆς
887 1093 1050 1173 μετοικίας
1076 1097 1142 1162 τῶν
1170 1095 1247 1164 δέκα
1273 1123 1331 1184 φο

229 1187 298 1251 λοῖν
318 1187 363 1262 εἰς
384 1183 561 1268 ἀσσυρλους
581 1185 685 1268 ἐπὶζ
653 1186 773 1268 ἐξεκλου
794 1190 948 1274 βασιλέως
966 1189 1084 1262 Ἰούδα

157 1275 159 1280 ’
312 1285 385 1354 Fol
413 1290 466 1351 69.
503 1307 619 1350 averso
652 1289 681 1373 †
713 1285 810 1353 Ὅσοι
845 1285 998 1375 ἀρχιερεῖς
1031 1291 1231 1376 ἐγένοντο’
1217 1319 1253 1362 εν
1286 1300 1330 1382 τῷ

226 1383 360 1470 Ἰσραήλ.

311 1484 384 1551 Fol.
410 1490 462 1553 41.
491 1510 608 1552 averso
637 1489 665 1574 Τ
684 1485 782 1554 ’Ὀσοι
810 1488 960 1602 γεγόνασι
988 1491 1180 1578 πατριάρχαι
1200 1493 1235 1558 ἐν
1257 1493 1330 1579 λλῆμ

229 1579 296 1648 ἀπό
316 1587 358 1668 χῦ
377 1585 432 1650 καὶ
448 1589 515 1651 τῶν
537 1584 737 1655 ἀποστόλων.

310 1685 383 1754 Fol.
402 1691 454 1755 42.
452 1685 663 1789 aversos
662 1685 754 1754 Ὀσοι
773 1687 852 1794 ρετά
873 1687 910 1756 τό
932 1694 1143 1774 χριστιανλσιιι
1170 1692 1248 1770 τούς
1269 1696 1327 1759 Βα-

229 1773 325 1845 σιλεῖς
345 1768 538 1855 πατριάρχαι
559 1770 629 1837 ἐνλ
617 1770 820 1858 λεροοσαλὴμ.
926 1813 929 1822 ,

308 1868 380 1936 Fol.
400 1873 453 1938 46.
497 1869 579 1935 06'
566 1893 601 1936 εν
618 1871 705 1965 Τ
686 1870 778 1979 ρόμχ
807 1872 1076 1980 ἐπισκοπήσαντες
1106 1875 1172 1944 ἀπὸ
1207 1881 1248 1964 χό
1275 1879 1329 1944 καὶ

224 1972 291 2035 τῶν
312 1967 513 2036 ἀποστόλων.
621 1975 623 1986 ⁴

308 2070 431 2134 Eodem
458 2087 585 2135 averso.
614 2065 665 2154 Τ’
665 2065 757 2135 Ὀσοι
775 2069 853 2155 μετὰ
873 2071 911 2182 τό
932 2078 1142 2196 χριστιανλσιιι
1161 2076 1239 2156 τούς
1268 2083 1327 2146 Βα-

224 2166 353 2244 σιλιῖς’
340 2164 577 2252 επεσιιόπησον
583 2167 660 2234 66
641 2166 744 2254 ριόμγ

305 2267 332 2331 F
334 2265 378 2336 ol
406 2272 477 2336 44.’
487 2292 613 2340 averso.
641 2271 670 2355 Τ
689 2268 789 2337 Ὅσοι
816 2271 852 2339 ἐν
881 2271 1089 2365 ἀλεξανδριλρι
1064 2275 1325 2364 αέπισιιόπιγσαν

222 2363 288 2432 ἀπὸ
308 2392 359 2452 χο
337 2369 426 2434 καλ
445 2371 512 2435 τόν
534 2367 734 2437 αποστόλων.

304 2467 377 2534 Fol
398 2471 450 2534 45.
472 2465 527 2550 Τ.’
526 2465 617 2530 Ὀσοι
636 2463 715 2548 μετὰ
734 2464 794 2533 τὸν
813 2467 914 2554 μέγαν
928 2476 1177 2545 Κωνσταντῖνον
1198 2478 1323 2546 ἐπεσκό-

219 2577 333 2646 πησαν
348 2561 383 2627 ἐν
375 2560 621 2648 ἀλεξανδρελᾳ.
911 2628 914 2639 ,
1143 2611 1145 2621 =

302 2659 374 2728 Fol.
394 2664 447 2739 46.
469 2659 518 2748 Τ
517 2659 643 2727 ’ἐΟσοι
644 2684 665 2726 ν
685 2660 845 2753 ἀντιοχελᾳ
826 2669 1084 2760 αέπεσιιόπησαν
1103 2638 1321 2768 ἐυάντιοχειᾳ.

182 2831 183 2836 ¹
302 2757 375 2826 Fol.
395 2763 447 2826 47.
469 2783 595 2829 averso.
616 2759 680 2848 †‘'
684 2766 765 2830 Οσαι
785 2768 846 2834 εἰσὶ
866 2777 953 2838 θεῖαι
973 2779 1097 2860 γραφαὶ
1125 2779 1320 2864 ἐκκλησιαζό-

217 2885 312 2945 μιναι
330 2861 385 2926 καὶ
405 2860 643 2946 κεαανοσμέναι·
661 2863 718 2928 καὶ
739 2860 759 2988 6
781 2867 907 2936 τούτων
929 2875 1191 2959 στιχομετρλοι”
1150 2901 1263 2955 ουτως.

300 2962 327 3026 F
329 2960 374 3028 οΙ
394 2965 446 3030 48.
467 2960 525 3048 †.‘
524 2959 618 3027 Ὀσαι
638 2965 695 3046 τῆς
714 2965 788 3044 νέοις
809 2971 967 3058 διαθήκης
988 2976 1048 3042 εἰσὶ
1069 2979 1185 3062 βίβλοι.

299 3061 420 3124 Eodem
444 3081 569 3127 averso.
601 3059 703 3129 Ὀσοι
722 3071 779 3151 τῆς
797 3076 935 3149 παλαιοῖς
964 3073 1181 3160 ἀντιλέγονται
1203 3079 1320 3164 βίβλοι

216 3262 237 3344 β
291 3158 373 3324 βολ.
363 3165 447 3228 .4δ.
468 3160 517 3246 †‘
517 3160 609 3228 Ὀσοιι
629 3159 818 3252 ἀπόκρυφοι
837 3174 893 3256 τῆς
912 3172 986 3250 νέας
1006 3177 1114 3296 βίβλοι
1133 3181 1162 3265 Τ
1181 3181 1319 3266 Πέρσων
1412 3239 1413 3252 ,

239 3275 291 3324 ασι
311 3282 364 3334 εις.

214 3459 234 3541 β
290 3358 421 3522 ZEodem
442 3381 568 3426 averso.
611 3363 873 3449 ΤΜακεδόνων
893 3375 1045 3453 Βασιλεῖς.
1088 3379 1127 3463 Τ
1145 3374 1318 3465 Ῥωμαίων

236 3471 290 3522 ασι
310 3479 363 3532 εις.

295 3554 369 3626 ΓοΙ.
390 3555 463 3625 56
464 3580 591 3630 averso.
613 3562 641 3648 Τ
667 3563 932 3658 Σονάγονται
896 3596 936 3638 τοι
959 3573 1011 3660 666
1033 3579 1092 3642 τοῦ
1113 3577 1238 3663 κόσμον
1260 3578 1315 3646 οὕ-

211 3678 274 3732 τως
295 3651 339 3732 ὥς
358 3651 457 3725 όνοτέ
477 3683 598 3728 τακται.
805 3683 810 3695 “

293 3753 365 3824 Fol.
386 3760 438 3822 51.
478 3759 507 3845 Τ
550 3763 729 3848 Συναγωγή
757 3764 885 3888 χρόνων
910 3772 965 3837 κοιλ
996 3759 1117 3841 ἐτάν’
1097 3773 1162 3842 από
1181 3780 1317 3856 κτίσεως

211 3851 385 3939 Κόσμον”
369 3880 429 3933 εως
448 3859 505 3942 τῆς
527 3857 740 3947 666666669‘
720 3866 849 3951 ημέρας.

293 3952 365 4024 Fol.
386 3958 438 4022 55.
460 3958 681 4046 ΤΓενεαλογλ
681 3989 703 4030 α
722 3970 782 4032 τοῦ
802 3968 1013 4052 πρωτοτόκου
1033 3973 1109 4040 6606
1131 3979 1219 4043 Νῶε.

200 4125 205 4132 ¹
292 4053 587 4127 Ρο1.5”λ.ιινοιαο.
616 4064 645 4148 Τ
673 4068 867 4154 Γενεοάογλα
893 4073 953 4138 τοῦ
976 4075 1048 4158 Σῆγι
1068 4078 1128 4143 τοῦ
1148 4079 1313 4220 πρωτοτό-

208 4176 270 4221 κου
291 4153 367 4219 υίοῦ
389 4157 467 4223 Νῶε
489 4161 550 4226 εἰσὶ
573 4164 674 4247 φυλαι
696 4168 757 4233 Κε.
832 4246 837 4260 Ι
