2872 4814
221 394 284 456 8⁰2
413 393 417 400 ⁴
452 389 742 450 ΣΤΑΔΙΑΣΜΟΣ
761 388 870 447 HTOI
888 389 1119 456 ΠΕΡΙΛΟΤΣ.

224 577 300 656 ἔχων
329 570 416 656 ἱερὸν
443 571 650 647 Ἀπόλλωνος·
682 572 743 636 ἔστι
765 571 798 636 δὲ
820 571 965 656 ἐσώτερος
982 571 1106 650 ’κόλπος
1135 573 1185 637 nol
1215 581 1349 640 ιιοιλεῖοοι

225 675 383 757 Μαρτίλος
403 671 452 736 οιαὶ
473 669 558 753 ὕδωρ
578 671 649 752 Λἔχει.
695 667 778 734 Ἀπὸ
798 668 931 756 Ἀγνείοο
953 673 997 748 εἰς
1018 675 1176 756 Κίσοιμον6
1199 677 1282 738 crab.
1305 672 1346 739 ττ.’

223 772 312 847 πόλις
333 771 468 839 inclute
497 770 602 854 ιιόλιιῳ
623 771 762 851 κειμένη·
793 772 855 834 ἔστι
884 771 917 836 δὲ
945 770 1054 854 λιμὴν·
1085 774 1144 855 ἔχει
1172 773 1224 837 καὶ
1251 773 1346 855 ὕδωρ.

222 869 297 936 ’Arri
312 868 473 950 Kroocipon
493 871 544 934 ἐπὶ
565 867 623 952 τὴν
639 868 755 952 Ίίἰρον7
773 872 854 934 cred.
876 870 927 934 ιιε.’
949 869 1144 955 οἷκροιτήριόν
1164 875 1245 938 ἔστιν
1266 874 1348 956 ὕψη-

224 1059 272 1116 50.
311 1056 418 1114 Portus
445 1063 491 1111 cst
517 1054 626 1111 habens
654 1055 795 1128 templum
821 1055 976 1130 Apollinis.
1014 1055 1070 1112 Est
1096 1065 1194 1114 autem
1221 1060 1348 1116 interior

223 1136 315 1190 sinus.
338 1131 366 1188 ls
387 1132 494 1186 ‹licitnr
514 1129 648 1187 Martilus
669 1129 813 1204 habetque
835 1149 948 1205 aquam.
989 1131 1032 1188 Ab
1056 1133 1160 1208 Agneo
1188 1134 1226 1191 ad
1248 1134 1348 1191 Cissa-

222 1228 302 1265 mum
330 1207 426 1263 stadia
451 1209 497 1262 80.
519 1204 596 1262 Urbs
617 1215 670 1275 est,
691 1208 789 1280 posita
808 1207 886 1262 intra
903 1209 1008 1263 sinum.
1030 1207 1085 1264 Est
1104 1220 1203 1265 antem
1224 1219 1346 1284 portus,

226 1284 314 1340 habet
343 1284 431 1338 etiam
454 1299 572 1355 aquam.
610 1282 638 1357 A
666 1279 797 1338 Cissamo
824 1281 862 1338 ad
889 1280 1026 1359 Tityrum
1049 1283 1154 1340 'stadia
1180 1285 1228 1342 25.
1273 1285 1347 1342 Pro-

221 1464 324 1514 benter
342 1459 473 1525 fatemur,
494 1473 545 1508 nos
565 1459 675 1510 nescire
695 1458 765 1526 quid
800 1465 890 1510 totum
908 1463 1130 1527 promontorium
1144 1468 1195 1525 est,
1217 1462 1266 1514 sed
1279 1478 1347 1530 pars

222 1529 402 1582 scribendum
423 1528 470 1590 sit,
489 1527 545 1577 nisi
562 1526 637 1588 forte
656 1521 766 1594 οἷγωγὴν
800 1531 1007 1594 prcnrontorii3
1025 1545 1089 1582 nam
1105 1532 1139 1581 ab
1159 1545 1194 1582 cn
1214 1531 1252 1582 ad
1272 1533 1346 1582 occi·

221 1597 449 1651 substituendum
469 1595 555 1663 idque
578 1596 767 1662 interpretas·
801 1595 916 1647 dc'ntem
939 1598 1037 1665 lingua
1061 1600 1235 1667 porrigitur,
1271 1615 1348 1667 quac

223 1669 358 1729 dumosis,
386 1670 509 1716 tractum
528 1666 633 1726 maris,
652 1664 701 1731 qni
721 1679 766 1715 us·
800 1671 920 1731 propter
944 1667 1160 1718 similitudinem
1188 1669 1264 1718 sacci
1292 1665 1348 1720 noi-

125 1731 131 1750 *
221 1734 323 1804 quead
341 1734 462 1785 insulam
481 1734 527 1793 sit,
547 1739 577 1784 et
595 1731 766 1800 profundum
802 1750 885 1800 ροιιος
912 1734 1059 1786 dicebatur
1086 1738 1115 1785 in
1139 1751 1253 1803 quaque
1281 1735 1347 1786 Pto·

225 1821 287 1858 csse
307 1809 494 1871 oporterequc
514 1805 604 1852 teneri
623 1817 640 1852 a
663 1801 766 1853 nautis.
801 1801 910 1852 lemacc
937 1809 1011 1854 teste
1036 1805 1122 1855 ctiam
1149 1805 1251 1855 civitas
1280 1803 1345 1856 fuit.

255 1874 284 1928 4)
317 1869 767 1936 Hccpromontnrinmsoluspe-
802 1868 857 1920 Sed
877 1886 912 1922 ea
930 1872 993 1938 ipsa
1010 1869 1128 1939 lingua,
1162 1879 1195 1922 nt
1228 1873 1348 1923 creden·

220 1941 290 2007 ripli
306 1947 407 1991 auctor
426 1935 520 1992 habet.
539 1938 576 1988 Ut
594 1946 691 1988 nostra
709 1938 768 1988 fert
802 1937 867 1987 dum
885 1945 941 2002 est,
971 1937 1078 2007 Τρητὸς
1101 1941 1253 2001 dictaest‚
1283 1956 1348 1992 cum

222 2008 335 2075 opinio,
363 2006 437 2056 idern
463 2006 687 2071 promontorium
714 2013 766 2067 est,
801 2007 881 2072 qnasi
901 2023 917 2057 a
935 2011 1100 2060 continente
1125 2007 1215 2061 fuerit
1241 2010 1348 2062 abscis-

222 2075 297 2142 quod
323 2073 521 2133 aRtolcmaeo
541 2068 677 2138 Knipnuog
696 2073 765 2124 dici·
800 2089 841 2125 sa.
880 2076 924 2126 lta
951 2077 1037 2126 etiam
1065 2069 1150 2144 Cypri
1181 2084 1346 2144 promonto-

222 2151 278 2195 tur.
298 2141 419 2194 Necesse
438 2147 482 2192 est
500 2141 585 2208 paulo
604 2141 695 2192 fusius
713 2140 765 2192 hac
799 2143 872 2192 rium
899 2143 968 2206 fuit,
995 2146 1108 2196 nonrine
1129 2141 1240 2212 Τρητοῖ,
1268 2145 1347 2212 qnod

222 2213 257 2264 de
271 2227 301 2263 rc
315 2217 347 2261 ut
363 2210 627 2276 disseramus,qu0d
645 2223 765 2278 geogra·
800 2210 914 2262 verbum
939 2213 979 2262 ibi
1006 2214 1099 2263 minas
1119 2221 1196 2265 recte
1220 2215 1347 2280 explica·

220 2278 270 2348 phi
294 2284 478 2346 putaverunt,
515 2279 655 2344 Corycum
686 2277 765 2329 idem
798 2279 898 2331 vimus.
941 2281 1032 2347 Atque
1059 2280 1178 2332 candem
1211 2283 1248 2334 nb
1281 2297 1347 2333 cau·

240 2346 445 2402 romonturium
463 2362 539 2407 esse,
559 2347 634 2414 quod
653 2361 670 2397 a
688 2346 764 2397 Stra·
799 2361 867 2408 sam,
887 2348 962 2414 qnod
981 2364 998 2398 a
1016 2351 1157 2401 veteribus
1174 2350 1227 2402 illa
1244 2350 1347 2418 lingua

218 2365 294 2468 bone
312 2415 440 2482 Κίροιμορ
459 2413 573 2466 dicitur.
601 2415 651 2465 Est
670 2420 763 2465 autem
799 2422 828 2466 et
850 2411 976 2480 ιιιόροιιος
998 2417 1077 2468 dicta
1102 2424 1146 2468 est
1171 2424 1199 2468 et
1227 2413 1347 2486 Τρητός,

220 2486 263 2536 sic
297 2483 372 2548 apud
408 2497 480 2544 enm,
514 2482 564 2533 lib.
583 2483 618 2545 X,
649 2497 673 2547 p.
695 2484 764 2534 474:
800 2498 874 2533 nnnc
900 2485 934 2535 ab
960 2486 1062 2536 incolis
1089 2483 1211 2554 Τηγοῖνι,
1242 2487 1274 2537 id
1301 2492 1347 2537 est

138 2607 142 2618 ρ
210 2554 287 2606 ’Τοὲν
311 2548 343 2604 δὲ
369 2545 463 2618 ι’ἶιιρων
495 2544 527 2601 τὸ
555 2547 605 2617 μὲν
635 2545 766 2616 bondonis
798 2549 981 2618 Bratpiannc,
1000 2555 1111 2607 dicitur.
1148 2555 1281 2605 Civitatis
1299 2570 1346 2605 ve·

220 2617 278 2673 ἐστι
303 2615 336 2672 τὸ
361 2618 426 2684 περὶ
449 2615 633 2684 cotronam,
659 2616 765 2681 πλάτος
799 2633 847 2680 ro,
874 2637 945 2687 quae
965 2622 1031 2672 alim
1051 2621 1107 2672 fnit
1124 2623 1181 2684 ibi,
1204 2623 1347 2690 reliquias

219 2686 284 2757 ἔχον
316 2685 470 2740 διακοσίων
500 2687 628 2739 crudior
651 2686 699 2738 noel
726 2688 765 2748 εἰς
798 2689 908 2739 invenit
934 2703 975 2744 ,ac
1016 2691 1183 2758 perscripsit
1199 2691 1346 2742 Buondel·

219 2754 273 2810 doio
291 2749 452 2822 οἷκρωτήριοι
469 2753 655 2822 μεριζόμενον·
674 2746 714 2807 οἷν
732 2750 764 2808 τὰ
800 2757 890 2806 ninnti
908 2756 983 2822 apud
1002 2758 1162 2810 Cornelium
1182 2759 1212 2809 in
1231 2761 1347 2810 Creta

218 2822 269 2892 μὲν
291 2820 389 2876 νότιον
411 2824 538 2875 ιιοιλιῖτοιι
568 2824 663 2888 Κριοῦ
686 2820 766 2889 μέτω-
799 2833 910 2875 sacra
928 2839 954 2890 p.
973 2826 1016 2878 87.
1034 2828 1129 2889 „Dum
1148 2827 1189 2878 sic
1208 2841 1345 2895 peragra-

183 2941 187 2949 ,
220 2905 293 2944 πον·
317 2885 349 2943 τὸ
370 2885 395 2942 δ’
412 2884 555 2956 οἷριιτιιιόν·
574 2891 712 2958 Κίμοιρος,
731 2886 763 2944 τὸ
798 2905 863 2941 rnur
881 2894 1055 2962 perlongum
1070 2895 1345 2962 iteraliquantisper

221 2955 247 3012 d’
265 2955 337 3026 ἑῷον
354 2953 387 3010 τὸ
404 2954 556 3024 Σαμώνιόν
574 2955 657 3024 ἔστιν,
679 2955 763 3042 οἱπερ-
798 2960 849 3011 sub
867 2960 1066 3030 radicibusque
1086 2963 1275 3029 promontorii
1297 2977 1345 3014 co·

219 3025 326 3078 πίπτον
340 3027 393 3076 τοῦ
403 3027 529 3078 Σουνίου
550 3020 585 3078 ον’
602 3021 674 3078 πολὺ
693 3045 713 3078 τι
734 3045 770 3092 ορ
798 3028 849 3077 rici
868 3028 937 3080 fessi
956 3045 1134 3094 recreamur,
1161 3031 1286 3098 denique
1306 3030 1345 3082 ad

220 3090 313 3154 tonet
333 3091 409 3142 infra
431 3108 458 3159 p.
482 3089 642 3145 415ιἜστι
661 3087 687 3146 d'
705 3090 761 3148 οιτιό
798 3096 918 3148 eundem
936 3106 1060 3149 montem
1078 3113 1129 3165 per
1152 3099 1345 3151 immeabilem

187 3198 194 3211 ,
218 3163 268 3229 τῆς
286 3159 449 3229 Κνρηνοιίοις
474 3156 520 3213 ἐπὶ
545 3155 576 3213 τὸ
601 3163 696 3228 Κριοιῖ
719 3159 763 3228 με’-
796 3163 938 3216 adscendo
964 3167 1101 3230 semitam,
1125 3168 1156 3218 in
1181 3168 1342 3218 summitate

218 3245 314 3283 τιοτιον
341 3231 423 3281 dcciv
448 3224 558 3297 ἡμερῶν
580 3228 628 3282 καὶ
655 3232 764 3283 ννιιτοῑν
798 3233 878 3282 cuius
905 3249 968 3283 cnm
994 3235 1078 3300 plano
1105 3235 1208 3303 exiguo
1236 3236 1343 3287 entiae-

218 3300 316 3360 πλοῦς·
343 3290 400 3350 eiad
429 3294 461 3348 δὲ
485 3293 616 3364 Κιμοίροο
635 3293 680 3350 ἐπὶ
697 3302 762 3351 Μοι·
796 3298 856 3361 bat,
877 3303 1026 3369 manisque
1047 3304 1107 3369 ejus
1132 3319 1188 3354 nnn
1207 3317 1344 3370 parumn

170 3414 173 3417 .
219 3363 286 3419 λέον
310 3365 363 3418 εἰσὶ
388 3361 502 3418 στάδιοι
527 3361 711 3420 ἑτοιταιιόσιοι
735 3386 761 3418 ιι.
797 3373 878 3418 terra
899 3369 1010 3420 elevata
1028 3386 1144 3423 cernere
1170 3378 1342 3438 poteramus.

219 3452 245 3486 τ.
271 3438 295 3486 t.
332 3435 395 3484 Ηοο
422 3433 512 3500 igitur
536 3433 760 3500 promontorium
793 3435 960 3489 'Mansiones
976 3439 1094 3504 insuper
1121 3439 1343 3508 diligentissime

218 3517 384 3570 quamquam
409 3516 464 3551 non
491 3502 566 3566 apud
591 3517 760 3572 quemquam
795 3501 950 3556 fabricatas
975 3521 1037 3556 cum
1060 3504 1171 3558 cellulis
1197 3508 1345 3559 subterra-

218 3572 304 3622 alium
331 3572 390 3621 sire
416 3570 590 3635 scriptorem·
610 3573 669 3622 sive
694 3586 760 3638 geo·
796 3573 857 3622 neis
882 3573 957 3625 clare
977 3575 1117 3636 ridemus,
1147 3581 1178 3626 et
1201 3577 1344 3628 cisternas

142 3684 147 3688 .
217 3637 355 3707 graphum
390 3640 603 3688 commemorari
641 3639 762 3691 comme·
795 3641 825 3689 in
845 3640 940 3708 lapide
959 3644 1083 3710 sculptas
1107 3646 1177 3695 mire
1200 3645 1344 3695 industrie

217 3709 358 3772 minimus,
394 3715 489 3759 tamen
516 3706 585 3772 quin
612 3711 641 3756 et
660 3723 762 3759 nomen
797 3709 1022 3760 collaudamus.“
1052 3713 1088 3762 ln
1106 3711 1275 3778 apographo
1299 3719 1344 3763 est

215 3790 315 3826 verum
340 3780 370 3825 et
389 3789 434 3825 res
461 3775 504 3824 ita
528 3790 558 3825 se
580 3771 692 3838 habeat,
713 3776 763 3826 du·
796 3771 870 3829 acroi
888 3773 1036 3862 Kpppvdn,
1062 3794 1114 3847 pro
1134 3795 1189 3846 quo
1209 3782 1272 3830 sine
1293 3780 1341 3831 da·

215 3841 302 3893 bitari
329 3857 384 3894 non
406 3857 506 3908 posse,
525 3842 623 3908 paucis
649 3843 762 3895 demon·
796 3844 844 3894 bio
879 3857 1074 3914 ιιοιτοιιιρημνον
1117 3847 1203 3899 scribi
1239 3848 1341 3912 debet;

217 3911 381 3960 strabimns.
425 3913 558 3963 Extrema
589 3923 669 3976 pars,
706 3927 762 3980 qna
797 3913 861 3964 lieri
880 3916 954 3965 enim
972 3917 1020 3964 rix
1038 3921 1141 3982 potest,
1159 3922 1191 3966 nt
1208 3912 1343 3984 Κρημνός

217 3979 302 4030 Creta
321 3978 357 4028 ad
377 3989 507 4029 occasum
525 3983 689 4045 septemque
709 3983 760 4032 tri·
797 3994 848 4047 pro
867 3984 1059 4047 promontorio
1079 3990 1143 4034 toto
1171 3985 1342 4052 accipiatur,

116 4072 118 4075 ·
214 4061 284 4099 ones
302 4047 480 4109 terminatur,
500 4062 516 4097 a
535 4047 674 4100 Strabone
692 4048 761 4098 dici·
795 4050 874 4099 cuins
896 4066 961 4116 pars
979 4052 1016 4100 sit
1034 4053 1148 4112 Tretns,
1166 4053 1221 4102 nisi
1242 4053 1343 4103 existi·

215 4120 264 4166 tur
290 4114 477 4182 Κίμοιρος,
502 4131 518 4165 a
544 4115 638 4186 Plinio
665 4123 760 4167 autem
794 4133 870 4178 mes,
895 4121 924 4168 in
943 4121 1066 4188 Kpppnpi
1089 4120 1179 4172 latere
1198 4120 1341 4189 Κίμαρον.

216 4185 392 4249 Corycus.
435 4181 490 4233 Sed
517 4184 657 4248 Corycus,
683 4183 761 4252 quod
795 4185 876 4238 Nunc
910 4186 964 4237 hoc
1000 4189 1222 4253 promontorium
1258 4195 1342 4241 Gra·

216 4251 399 4302 Ptolemaeus
425 4265 537 4318 quoque
570 4249 669 4313 affert,
704 4266 760 4303 non
795 4253 1067 4308 bnsaveanzo
1090 4257 1203 4308 dicitnr.
