2804 4810
585 423 724 496 xt-

76 620 189 672 auotor
210 601 445 691 peripli‘nobis
466 605 594 666 vixisse
617 604 792 682 videretur,
817 601 927 670 multia
948 604 1033 672 loeis
1055 608 1177 694 signifi·

76 711 231 774 cavimus.
273 702 414 770 Tantum
444 703 505 767 hoo
539 702 612 768 loeo
647 700 881 790 significamus,
915 704 1091 790 periplum¹
1115 727 1181 772 uon

76 821 151 895 post
171 803 363 870 Strabonem
391 823 464 866 erae
486 806 666 889 seriptum,
707 823 780 868 oum
802 817 915 868 eontra
936 806 1077 872 fortasse
1104 826 1181 893 pro-

77 911 147 974 bari
168 900 289 993 possit,
308 926 350 968 ex
373 924 412 968 eo
434 905 505 988 ipso
521 901 630 988 aliqua
644 903 836 970 Strabonem
858 904 1088 988 depromeiase.
1110 905 1181 974 Neo

77 1011 140 1074 hoo
162 1007 331 1072 tacendum
354 1016 414 1085 est,
436 1005 579 1091 editione
602 1001 702 1068 Gailii
731 1001 839 1086 Galli,
872 1008 928 1092 qui
954 1008 1024 1090 ipso
1054 1029 1181 1095 quoqu„
1248 1006 1253 1013 ‘
1287 1019 1289 1024 ¹

78 1111 140 1174 hoo
163 1110 378 1192 fragmentum
400 1103 512 1183 edidit,
529 1095 583 1167 'uti
605 1123 665 1168 noe
686 1125 752 1180 non
773 1103 931 1188 potuisse.
1016 1141 1018 1146 ,

161 1208 297 1272 Factum
318 1217 380 1284 est,
402 1194 439 1265 ut
457 1217 491 1266 et
512 1204 545 1269 in
567 1203 753 1269 accentibus
773 1203 901 1288 graecia
922 1215 956 1268 et
978 1205 1012 1273 in
1034 1223 1183 1274 sermone

79 1311 183 1375 latino
209 1323 438 1390 nonnunquam
465 1298 669 1386 indiligentia
700 1315 811 1370 nostra
841 1315 982 1369 erratum
1013 1307 1067 1372 sit.
1116 1305 1184 1372 Sed

81 1430 199 1497 operae
228 1407 366 1492 pretium
394 1398 655 1482 non'dueimna,
688 1425 771 1488 quae
799 1403 1070 1490 deprehendimus
1098 1404 1185 1471 falsa

82 1533 169 1592 aare,
187 1505 322 1592 singula
342 1503 479 1575 afferam
501 1521 574 1564 nam
597 1503 670 1586 quia
691 1505 818 1572 tendam
841 1507 905 1572 nisi
927 1507 993 1593 qui,
1006 1507 1036 1572 si
1057 1508 1128 1591 quir
1149 1509 1185 1570 in
1216 1587 1225 1600 ,

83 1613 173 1676 tenui
194 1606 303 1692 aliqua
323 1625 360 1668 re
380 1600 586 1687 indiligentia
605 1600 710 1668 falano
731 1617 793 1688 ert,
813 1605 1055 1675 eom-omnium
1075 1624 1185 1669 rerum

84 1725 115 1776 at
135 1710 319 1795 linguarum
346 1703 551 1788 antiquarum
572 1702 754 1786 imperitum
777 1725 851 1770 erae
873 1725 912 1769 ao
933 1704 1057 1782 rudem,
1077 1702 1184 1768 liben-
1234 1705 1235 1712 ’

84 1827 131 1878 ter
152 1808 216 1874 sibi
236 1805 428 1893 persuadet,
450 1799 588 1866 meliora
609 1823 669 1867 nor
691 1805 775 1870 scire
797 1803 913 1889 negoti
946 1801 1032 1872 Nem
1053 1825 1093 1868 eu
1113 1807 1186 1890 ipsa

83 1913 178 1992 vitia,
200 1927 283 1995 quae
303 1899 561 1990 imprudentibus
583 1901 677 1968 nobis
706 1903 899 1970 exciderunt
925 1902 1075 1968 omnibus
1101 1915 1187 1970 oete·
1211 1945 1234 1965 -.

85 2015 130 2078 ris
151 2008 235 2075 looir
258 2025 331 2071 oum
353 2005 433 2068 satis
455 2001 694 2068 attenderemus
714 2025 780 2070 non
802 2004 1000 2074 admisimus.

167 2111 242 2176 Jam
270 2106 415 2191 nequitur
443 2105 586 2168 varietas
613 2103 784 2189 lectionis,
824 2127 907 2194 quae
934 2120 985 2172 eet
1012 2109 1046 2172 in
1074 2105 1187 2171 codiee

83 2211 247 2300 parisino,
282 2225 376 2292 quam
410 2205 444 2266 in
481 2205 595 2290 primia
629 2207 768 2292 quinque
801 2205 945 2292 plagulis
983 2208 1083 2293 hujus
1119 2206 1189 2270 edi·
1274 2198 1276 2204 ’

89 2313 190 2377 tionis
214 2307 465 2392 non‘potuimue
487 2315 660 2387 annotare,
690 2303 816 2370 Milleri
841 2308 983 2372 editione
1016 2308 1121 2372 serino
1146 2305 1189 2369 ad

85 2429 148 2476 noe
169 2405 279 2474 allata.
737 2408 739 2411 ’
868 2411 874 2425 ’
