2852 4816
364 350 569 428 ιιιιιοιιιι
596 351 920 408 nantcnnorsn.
1134 341 1201 402 *21

79 516 251 580 dedicata
270 526 341 598 est,
371 529 405 592 et
432 515 839 606 novoConstantinopolis
866 522 996 584 nomine
1024 515 1202 606 appellate,

79 639 195 704 quarn
227 619 329 682 veteri
356 616 461 685 adhuc
480 621 618 682 ‘nomine
647 631 784 683 noster*
820 615 1014 702 Byzantium
1043 617 1201 706 appellat.

81 719 252 786 Graccum
270 717 389 782 fuisse.
406 719 513 802 prodit
534 733 567 782 et
587 716 712 804 lingua,
734 740 798 808 qua
820 721 970 807 scripsit,
1001 719 1145 802 Graeca,
1169 733 1203 784 et

80 831 246 903 patronus
269 816 386 901 Operis
406 817 502 882 Philo
525 817 595 906 ipse
617 821 716 884 etiam
738 817 895 900 Graecus,
917 832 950 882 et
970 819 1202 884 nomenGrae·

82 939 164 983 curn
186 915 436 1002 Agatbemerns.
485 918 592 983 Etiam
614 914 817 1004 Orientalem
844 921 971 1003 arguit,
1008 922 1092 1006 qnod
1123 919 1202 984 Gal·

80 1016 140 1082 los
163 1016 363 1100 observarit,
386 1040 451 1083 non
476 1022 548 1103 jam
574 1017 713 1106 emplius
748 1015 955 1102 Galatarum,
994 1023 1052 1086 sed
1087 1019 1202 1088 Gallo·
1276 1011 1280 1026 '

83 1121 363 1200 ceremoniae
385 1118 557 1206 appellari.
600 1117 677 1184 Νοιι
710 1118 858 1206 equidem
881 1121 1010 1204 inepte,
1041 1143 1100 1208 prn
1121 1120 1200 1204 loci,

82 1240 153 1304 qno
178 1221 264 1299 vixit
285 1223 488 1308 scripsitque,
519 1223 600 1301 situ,
629 1222 659 1284 si
689 1219 819 1306 quidem
848 1221 972 1282 vixerit
998 1221 1038 1282 in·
1062 1217 1199 1283 Oriente
1285 1287 1288 1298 Α

83 1338 149 1380 nec
170 1315 269 1402 longe
292 1322 311 1384 ir
331 1320 461 1408 uelatis
482 1322 624 1389 Asianis.
669 1320 859 1385 Galatarum
877 1321 964 1382 enim
987 1323 1109 1384 nomini
1131 1343 1199 1385 ma·

83 1420 142 1502 gis
174 1435 388 1484 assueverant
416 1423 548 1500 Asiani,
589 1435 722 1508 propter
757 1419 914 1484 finitimos
944 1418 1008 1484 sibi
1043 1417 1199 1496 Galatam

82 1539 153 1589 non
175 1531 281 1589 aute'm
295 1521 431 1612 ,incolae
453 1519 674 1589 Occidentalis
695 1520 837 1606 lmperii.
894 1519 975 1584 Erat
998 1543 1076 1606 ergo
1099 1523 1198 1585 etiam

83 1623 159 1706 ipse
189 1623 273 1685 inter
299 1623 377 1688 illos
406 1627 462 1710 qui
488 1624 600 1688 sedem
626 1621 772 1707 Imperii,
788 1620 1011 1712 agnoscebant
1039 1619 1199 1686 Constan-

83 1721 307 1808 tinnpplinr,
307 1727 346 1789 si
354 1726 487 1814 quidem
520 1736 634 1810 postea
654 1724 793 1787 vixisset
824 1746 920 1809 quam
942 1745 982 1785 ec
1004 1720 1198 1786 translatum

84 1821 205 1886 fnisset
217 1821 423 1922 Imperium
473 1823 538 1892 Cur
568 1826 678 1908 itaqua
705 1827 828 1905 veteri,
863 1840 896 1888 et
918 1822 1034 1910 quod
1025 1844 1058 1884 ιιι
1082 1821 1197 1884 desue-

87 1909 233 1988 tudinem
254 1924 392 2006 abierat,
422 1927 552 1990 nomine
573 1920 666 1990 illam
683 1921 883 2010 appellaretl
915 1921 1077 1988 Memorat
1080 1941 1196 2008 porro

85 2021 224 2087 Daciam
252 2038 326 2109 post
353 2023 525 2110 lazygast
515 2021 719 2089 Metanastas
743 2023 761 2066 ³
784 2019 972 2108 ὁριζομένην
998 2025 1045 2110 τῷ
1066 2021 1196 2108 Ἴστρῳ.

82 2123 368 2210 Eaproculdubio
390 2122 682 2198 Transdanubiana
703 2137 773 2187 erat
793 2126 826 2189 in
842 2125 1044 2190 Provinciam
1064 2123 1198 2186 redacta

87 2251 108 2292 a
130 2224 296 2310 Trajano,
326 2222 367 2288 ab
391 2221 570 2288 Aureliano
593 2240 701 2286 autern
724 2225 852 2288 deserta
881 2239 914 2290 et
942 2224 1138 2310 praesidiis
1136 2244 1196 2285 nu-

87 2332 175 2392 date.
218 2325 554 2410 arquitenentem
582 2324 700 2388 fuisset
727 2323 873 2388 Romana
878 2323 1085 2422 Provincia,
1123 2343 1196 2384 cum

87 2423 243 2490 scriberet
263 2424 544 2510 Agathemeram,'
534 2438 582 2506 ιιι
604 2427 731 2490 vixerit
753 2425 851 2489 etiam
873 2438 948 2486 ante
970 2417 1194 2485 Aurelianum.

87 2525 153 2593 Sed
175 2523 255 2589 nihil
276 2524 373 2590 habet
389 2526 500 2600 unde
514 2515 600 2590 certe
624 2523 739 2612 colligi
768 2525 873 2611 possit
893 2523 1034 2586 fueritne
1056 2537 1124 2585 tum
1147 2521 1195 2586 di-

88 2630 186 2696 tionis
207 2626 392 2712 Romanae)
429 2623 603 2725 Utcunque
626 2638 733 2690 tamen
749 2637 825 2688 ante
846 2624 1015 2686 fundatam
1033 2619 1195 2686 Constan-

89 2704 255 2814 tinopolim
277 2726 383 2792 illum
392 2728 519 2792 vixisse
541 2716 813 2791 verisimillimum
836 2737 896 2786 est.
947 2719 989 2785 Et
1012 2737 1098 2787 certe
1120 2745 1196 2809 spa·

88 2834 133 2892 tin
155 2827 272 2916 aliquo
291 2829 446 2915 temporis
473 2839 549 2910 post
576 2823 809 2888 Ptolemaeum.
869 2818 1056 2886 Danubium
1085 2835 1195 2886 censet

88 2927 291 2994 Ptolemaeus
313 2949 414 3017 usqne
437 2927 516 3022 ad⁴
540 2924 735 3011 Axiopolim
750 2921 871 2986 Daciae
893 2919 1076 2986 finitimam.
1118 2907 1235 2986 Non*
1276 2959 1278 2968 ι

87 3029 184 3114 longe
214 3030 363 3096 fortassis
392 3027 432 3092 ab
456 3050 495 3100 eo
519 3027 750 3110 discrepavit⁵
777 3021 951 3104 Strabo,
955 3023 1011 3108 qui
1033 3023 1074 3085 ad
1096 3020 1193 3087 Cata·

88 3144 302 3198 nectareum
298 3129 468 3217 producit,
489 3149 571 3234 puae
601 3147 659 3210 per
681 3123 793 3188 Dacos
814 3124 984 3187 feruntur.
1021 3118 1121 3186 Plinii
1143 3119 1194 3184 1ο-

89 3255 172 3313 cum,
193 3234 250 3324 qui
270 3229 310 3295 ab
333 3251 371 3292 eo
384 3219 501 3316 loco,
504 3249 573 3326 quo
589 3223 757 3310 Illyricum
781 3220 877 3286 alluit
898 3201 1090 3300 Danubius,
1116 3219 1194 3284 Istri

89 3354 206 3398 nornen
224 3331 447 3426 auspicatur,
445 3314 634 3392 mendosum
657 3346 729 3388 esse
758 3325 918 3409 suspicor.
968 3317 1112 3383 Danubii
1136 3341 1194 3382 no·
1258 3374 1262 3382 .

88 3456 160 3500 men
183 3432 230 3497 ad
254 3415 482 3495 Vindobonam
511 3423 733 3491 tantummodo
761 3423 884 3508 profert
914 3417 1193 3508 Agathemerusr.

89 3535 143 3600 Ex
162 3530 229 3601 alio
252 3543 336 3603 carte
358 3529 500 3611 Auctpre
510 3547 618 3619 quam
640 3521 839 3641 Ptolemaeo,
852 3536 959 3608 utque
981 3521 1152 3599 uidetur,
1137 3540 1193 3602 ιιι-

89 3637 193 3698 niore:
222 3611 305 3696 forte
334 3627 501 3714 Menippo.
552 3623 622 3689 Nec
652 3625 738 3691 enirn
770 3639 856 3686 oras
877 3623 1039 3690 duntaxat
1068 3617 1194 3682 ιιιοιίιίέ

88 3755 156 3819 mas
178 3734 197 3796 b
204 3729 372 3817 Menippo
402 3726 581 3812 descriptas
609 3725 712 3790 fuisse
736 3721 926 3810 colligimus
957 3744 975 3785 e
1001 3715 1193 3805 fragmentis

90 3809 347 3932 ildescbelianis.
390 3825 432 3892 Et
452 3827 612 3916 quidem
596 3829 709 3913 Junior
731 3824 920 3890 Ptolemaeo
942 3823 1022 3904 fuit,
1044 3832 1080 3882 ut
1101 3821 1193 3885 vide·

154 4073 182 4136 1)
198 4067 378 4141 dealbantes
393 4067 428 4134 la.
447 4067 482 4120 ll.
503 4081 528 4118 c.
545 4063 598 4118 ult.
634 4021 854 4134 2)bgelhemer
873 4058 905 4112 L.
924 4058 993 4113 ll..c
1011 4059 1038 4116 4,
1074 4059 1102 4124 3)
1120 4059 1190 4126 Aga·

91 4157 202 4218 rhemor.
214 4159 248 4210 l..
263 4156 302 4214 ll.
323 4170 347 4212 ι.
363 4153 394 4230 4.
406 4153 460 4219 ,4)
459 4149 576 4202 Ptolem.
594 4148 632 4202 11.
652 4151 694 4204 ll.
712 4164 738 4218 p
759 4150 800 4201 st.
819 4145 868 4198 ΙΙΙ.
886 4147 912 4204 8.
931 4158 957 4212 p.
980 4143 1023 4197 84.
1045 4145 1085 4197 10.
1103 4157 1129 4210 ιι.
1147 4139 1189 4212 81.

91 4253 116 4318 5)
134 4243 289 4310 8ιιι1ιο1..
303 4241 368 4296 vlt.
386 4254 413 4308 p.
431 4236 491 4294 tlt.
513 4232 572 4289 305.
607 4231 829 4317 6)Agathemer.
849 4229 937 4286 1,.11.
958 4247 981 4284 c
1001 4233 1026 4288 4.
