2872 4814
371 360 459 420 ΤΗΣ
487 359 709 420 ΜΕΓΑΛΗΣ
735 359 980 423 ΘΑΛΛΣΣΗΣι
1166 365 1230 428 802

110 564 170 622 την
191 537 324 624 Λήριιν1
350 543 399 608 sul
427 541 483 624 τὴν
505 543 642 625 Σέριφον
662 543 713 608 nul
741 519 798 626 rho
826 541 969 610 Κύδνον·
992 541 1027 610 τὸ
1049 543 1158 612 λοιπὸν
1179 548 1229 612 tat
1279 593 1281 597 -

110 649 167 725 τῆς
189 638 370 723 Δοιιούσης2
394 639 468 725 λάβε
491 639 662 725 εὐώνυμον,
688 642 764 706 ὅθεν
785 642 892 726 ὁρᾶται
911 639 946 708 sd
964 641 1125 710 Σκύλαιον.
1153 644 1228 712 'Asso

111 810 182 868 inda
210 809 283 884 apud
296 805 456 880 Donusam,
465 829 483 866 a
492 808 878 886 quaspectoturScylaeum,
894 813 974 870 illam
984 831 1054 888 capa
1068 815 1227 873 sinistram.

112 1023 172 1074 tius
199 1021 310 1073 insulae
329 1019 430 1072 lactum
450 1027 504 1072 est.
540 1021 655 1074 Sumen·
689 1021 811 1076 Sadhoe'
823 1021 887 1073 loco
902 1038 956 1074 non
971 1029 1016 1076 est
1027 1025 1130 1079 insula.
1148 1027 1229 1089 Quae

112 1093 182 1142 dum
204 1097 265 1152 est,
291 1090 408 1142 alteram
432 1091 527 1142 urbem
547 1099 655 1156 postea,
689 1107 754 1142 eum
772 1092 813 1142 ita
830 1092 908 1158 slot,¹
926 1092 1009 1143 nobis
1033 1094 1150 1144 dubium
1174 1110 1230 1146 non
1332 1107 1336 1116 ·
1363 1097 1365 1104 ’

111 1175 281 1228 quacunque
300 1159 328 1209 id
348 1174 379 1212 re
397 1158 581 1223 factumest,
612 1159 657 1212 de·
691 1159 809 1221 videtur,
819 1156 894 1226 quin,
905 1163 1154 1226 quaeaveteribus
1164 1161 1230 1216 Pro·

111 1235 219 1280 sertum
237 1244 307 1279 asse.
421 1278 425 1286 ,
691 1227 837 1294 pesiothus
863 1235 892 1280 ιι
909 1228 1064 1298 Strongyle
1089 1231 1229 1296 appellan-

148 1295 177 1361 l)
208 1296 267 1348 Neo
298 1278 417 1366 Daphne
446 1311 499 1347 nee
529 1295 607 1346 Dera
638 1310 656 1348 a
691 1304 827 1358 tur‚·aas
850 1303 954 1352 ructor
978 1299 1082 1365 peripli
1104 1299 1229 1367 intelligi

113 1381 257 1434 quoquam
272 1365 348 1416 inter
362 1364 469 1416 insulas
487 1371 536 1416 aut
551 1363 656 1431 Aegaei
691 1365 824 1420 noluerit.
862 1365 945 1427 Quod
965 1371 997 1417 si
1021 1369 1062 1418 ita
1087 1383 1149 1420 esse
1175 1375 1231 1421 sta·

114 1444 168 1487 aut
186 1435 270 1493 ullius
288 1433 362 1484 alius
380 1434 465 1484 maris
491 1447 656 1487 enrrtneran·
689 1434 809 1497 tuimus,
827 1433 912 1486 etiam
931 1443 1062 1501 apparet,
1089 1451 1139 1487 our
1155 1438 1232 1509 inter

113 1512 175 1556 tur.
209 1505 263 1554 llas
282 1509 381 1554 arsotor
399 1503 498 1567 peripli
518 1503 570 1552 nisi
590 1509 656 1554 anta
689 1501 815 1554 Sicinium
849 1509 878 1553 et
912 1502 1059 1571 Seriphum
1093 1521 1148 1556 non
1173 1507 1231 1556 sint

113 1575 256 1639 Amorgos·
281 1579 320 1622 ιι·
334 1573 381 1622 lon
401 1577 429 1620 et
447 1570 560 1622 Sioinon
589 1585 655 1622 anu·
689 1572 1007 1624 allaeoommemoratae
1022 1573 1146 1636 insulae3
1165 1589 1232 1626 nam

114 1649 268 1701 metasset,
288 1655 342 1692 oon
361 1638 569 1705 dubitaremus,
588 1638 656 1705 quio
689 1639 715 1690 si
733 1640 773 1700 is,
794 1639 840 1706 qpi
860 1640 1005 1692 'l'enedum
1025 1642 1170 1704 tendehat,
1189 1643 1230 1694 Si·

113 1712 145 1761 in
173 1707 290 1775 Daphne
318 1707 410 1758 insula
433 1709 548 1773 Anaphe
571 1717 656 1773 atqua
689 1709 782 1758 einum
799 1713 1010 1778 praeterveetus
1027 1725 1136 1762 cursum
1154 1719 1233 1764 tana»

114 1779 145 1830 in
166 1778 352 1834 Der-adusula
376 1774 472 1828 'l'hera
484 1774 485 1777 ’
496 1777 537 1842 (ιιι
556 1783 599 1829 est
615 1774 656 1826 fe·
690 1775 842 1836 hattnlem,
857 1782 888 1826 ut
898 1777 1014 1828 sinistra
1024 1777 1232 1846 haberetSiph·

115 1863 213 1900 rarum
247 1847 339 1912 plens)
363 1843 476 1902 lateret.
512 1848 592 1906 Quae
616 1853 656 1896 ta·
691 1861 756 1896 num
783 1845 878 1912 sieque
911 1846 987 1898 luter
1012 1845 1084 1898 hano
1110 1848 1232 1900 insulan
1334 1854 1345 1866 '

114 1931 180 1969 men
207 1915 278 1966 duae
305 1913 413 1964 insulae
431 1931 493 1966 oum
512 1915 657 1980 aliquanto
692 1921 722 1964 at
739 1911 886 1980 Seriphum
911 1915 1074 1983 navigaret,
1097 1933 1116 1968 a
1133 1915 1230 1968 Sirino

115 1985 282 2052 plusquam
308 1983 422 2034 sicinus
439 1990 467 2032 et
490 1983 539 2034 lus
566 1983 657 2034 orion·
690 1983 1009 2049 procedenduonullas
1027 1985 1232 2047 aliasinsulas,

116 2062 176 2105 tera
197 2053 440 2111 versutissimam,
458 2049 531 2103 haec
550 2055 659 2103 santan-
694 2056 726 2102 ut
745 2067 797 2104 eae
816 2051 928 2120 quidem
948 2053 982 2102 ad
1003 2053 1130 2106 dostram
1149 2055 1175 2105 ei
1189 2069 1232 2105 es·

115 2125 161 2174 tia
181 2121 295 2188 probari
316 2135 367 2172 non
387 2127 488 2186 potest.
515 2119 574 2172 Neo
590 2133 657 2168 vero
691 2128 764 2181 sent,
776 2121 838 2190 *ruisi
852 2120 1070 2186 Prepesinthum
1087 2139 1121 2174 ao
1133 2122 1233 2174 Strom

116 2191 211 2242 verius
229 2189 405 2257 quisdicat,
428 2191 557 2240 ordinem
581 2188 658 2246 insu·
692 2189 778 2256 gylen
816 2188 1092 2255 preater-vehebatur.
1143 2192 1234 2244 Erunt

117 2260 207 2315 larum
238 2256 539 2325 ¹praeterveheudamm
579 2273 598 2307 a
625 2256 658 2307 li·
694 2255 838 2324 proferto,
865 2257 913 2323 qsi
939 2259 1108 2310 sententiam
1142 2273 1234 2312 means

118 2329 217 2380 brasio
257 2335 443 2393 permutatum
483 2341 561 2386 esse,
597 2339 659 2376 oum
692 2339 748 2376 non
774 2325 909 2394 probant,
934 2327 1000 2395 quia
1018 2343 1036 2378 a
1060 2329 1137 2378 nullo
1166 2329 1234 2380 suri·

117 2397 236 2448 riurei
253 2395 483 2448 omninonullum
497 2396 535 2446 sit
548 2394 658 2462 signum
693 2402 774 2460 ptore
805 2394 879 2446 istae
911 2395 1020 2447 insulae
1054 2393 1173 2462 Daphne
1203 2402 1234 2449 ot

120 2474 169 2516 aut
203 2466 407 2517 documentum.
463 2467 522 2515 lam
554 2464 658 2516 Strabo
694 2462 924 2516 Deradiountur.
955 2463 1009 2515 Sed
1030 2462 1258 2516 haeonomins

122 2532 190 2586 haee
217 2534 304 2594 dicit,
331 2535 371 2599 K,
396 2547 424 2599 p.
442 2535 509 2585 tua:
541 2525 602 2584 Ἀπὸ
628 2527 659 2583 δὲ
693 2533 808 2582 omniuo
822 2545 876 2582 non
893 2533 1034 2584 inveneris
1049 2532 1122 2599 apud
1140 2547 1231 2599 quens

121 2597 237 2670 τῆςἼου
258 2597 331 2668 πρὸς
352 2597 474 2666 ἑσπέραν
500 2596 572 2654 ἰόντι
596 2599 659 2652 Σί-
694 2615 777 2668 quarn
796 2595 936 2663 veterun'rr
959 2609 989 2653 at
1010 2610 1103 2654 tannen
1131 2609 1161 2652 ut
1186 2615 1233 2667 pa·

121 2687 224 2732 κινος
242 2670 291 2722 καὶ
306 2666 478 2738 Λάγουσα
494 2669 543 2722 καὶ
557 2662 658 2720 ootl·
693 2670 766 2736 riplo
786 2684 888 2738 magna
912 2671 941 2720 in
960 2667 1003 2720 his
1029 2671 1114 2722 rebus
1138 2677 1233 2720 aucto·

120 2729 298 2806 pusdpo‘s,
322 2731 360 2806 ἣν
375 2733 488 2804 ’Ἄρατος
521 2736 660 2804 σιδεριίην
694 2738 765 2788 ritas
796 2736 948 2790 tribuenda
980 2740 1034 2798 sit,
1072 2755 1134 2789 eum
1166 2737 1233 2790 aliis

123 2801 252 2873 ὀνομάζει
271 2801 320 2858 διὰ
337 2800 388 2873 τὴν
404 2803 571 2874 τραχύτητα.
602 2799 659 2871 'Eh-
693 2805 793 2858 multis
811 2804 913 2856 adddci
933 2805 1083 2872 dabamus,
1110 2815 1169 2856 tum
1187 2806 1233 2870 iis,

121 2871 170 2942 γῦς
189 2871 219 2928 δὲ
238 2870 345 2929 dodran
360 2875 536 2940 rutpertus,
557 2865 660 2939 ὅθενῆ
695 2884 767 2940 quoe
786 2871 821 2923 de
839 2875 932 2924 insula
950 2875 1066 2925 Donusa
1083 2874 1159 2925 infra
1178 2874 1234 2925 dis-

116 2971 118 2974 ·
144 2947 156 2958 ”
181 2938 355 3010 ήΚιμωλὶιι.
382 2937 490 2995 Ἔνθεν
508 2937 662 3008 ἠιΣίφνος
695 2955 831 3002 serenius.
865 2945 977 3010 .Atque
1010 2942 1118 2994 insulas
1149 2942 1235 3008 pluri·

120 2963 237 3077 {Rhoas
256 3007 352 3071 torio„
363 3005 413 3077 ἐφ’
429 3002 448 3079 ᾗ
467 3006 594 3078 λέγουσιν
612 3007 661 3060 El·
694 3026 754 3061 mas
769 3026 823 3061 nou
839 3027 933 3074 unum,
947 3010 996 3063 sall
1009 3012 1092 3078 plura
1103 3009 1235 3064 habuisse

120 3097 207 3148 φνιοιι
232 3073 419 3150 ἀστράγαλοι
440 3073 490 3132 διὰ
513 3073 564 3144 τὴν
588 3069 661 3132 εὖτὲ-
697 3081 828 3148 nomina,
852 3095 911 3132 non
939 3087 998 3142 est,
1030 3081 1106 3148 quiid
1138 3077 1237 3134 haroru

124 3153 209 3203 irruo.
247 3149 269 3198 ll
295 3149 398 3216 quihus
425 3147 517 3198 rer-liis
542 3145 661 3196 forsitan
695 3160 789 3200 rerum
813 3149 915 3214 paritis
947 3148 1066 3214 probem
1090 3149 1237 3214 exemplis,

122 3217 284 3284 suspicetur
296 3217 369 3284 quis,
384 3214 532 3282 Daphnen,
548 3214 664 3280 inlperl·
693 3216 773 3283 qnod
801 3217 884 3268 nohis
915 3213 1034 3268 maxima
1065 3232 1099 3268 eo
1131 3217 1236 3270 laetum

123 3287 169 3353 plo
181 3289 439 3346 communionum,
452 3284 571 3336 eandem
591 3297 663 3345 esso,
694 3299 758 3336 esse
776 3283 896 3346 ridetur,
918 3285 992 3352 quod
1018 3286 1131 3346 nomina
1156 3286 1237 3340 nobi-

122 3355 322 3424 quatriduano
337 3353 478 3420 Lagupam
494 3352 662 3418 dioit,quae
693 3353 767 3404 lium
784 3353 897 3404 urbium
921 3353 967 3402 vel
991 3360 1122 3420 portuum
1151 3370 1237 3420 saepo

121 3427 182 3475 sine
199 3423 286 3473 dubio
306 3422 358 3474 illa
377 3437 468 3490 ,parva
492 3421 586 3480 insula
609 3425 663 3481 est,
696 3421 727 3472 in
751 3421 860 3472 insulas
882 3427 959 3472 totas
989 3421 1139 3472 transferri
1171 3435 1236 3474 con·

122 3496 200 3544 intur
225 3491 349 3542 Sioinum
379 3489 662 3558 Pholegandromqoa
693 3485 823 3542 'ruerant
859 3489 988 3556 Denique
1015 3494 1046 3540 ut
1073 3487 1127 3540 hoc
1151 3491 1237 3542 adds·

122 3565 287 3622 sita‚nuno
309 3559 550 3612 cardiotissa
575 3557 663 3619 dicta,
698 3571 774 3620 mus,
811 3557 1011 3625 Prepesinthos
1044 3564 1117 3609 nunc
1149 3557 1236 3626 Spo-

124 3643 293 3698 quamqoam
319 3623 432 3682 'nomina
461 3641 508 3680 ras
539 3627 664 3677 diversas
699 3627 773 3678 tiro
792 3625 1237 3694 siveDespotico‚Str·on-

123 3698 302 3768 significantr
322 3713 385 3750 nam
410 3697 523 3748 nomina
547 3693 665 3761 Daphne
697 3697 787 3765 gyle
804 3704 900 3750 vetere
919 3694 1079 3763 appellatur
1097 3697 1220 3750 nomine.

123 3759 217 3819 insula
232 3767 337 3817 dicitur
359 3765 508 3816 admodum
523 3765 665 3816 excellere
734 3762 762 3830 2)
781 3765 812 3816 ln
831 3765 885 3818 hae
900 3766 1017 3834 ragione
1035 3766 1121 3816 maris
1132 3766 1239 3834 dagani

123 3839 223 3898 lauro,
244 3835 355 3888 nonrine
369 3835 483 3902 Lagusa
503 3833 587 3899 plena
603 3847 665 3884 essa
700 3835 841 3886 anemius
857 3835 950 3886 insula
964 3832 1018 3884 hoo
1039 3834 1150 3886 nonrine
1166 3849 1238 3886 conr·

125 3902 338 3972 leporumsed
356 3902 414 3966 fao,
433 3902 555 3954 insulam
574 3899 664 3968 Daph·
699 3909 887 3964 memoratum
912 3919 975 3954 nam
988 3904 1019 3952 in
1039 3903 1170 3969 opposita
1195 3919 1237 3958 ra·

124 3990 180 4025 nen
198 3977 282 4024 istam
298 3973 439 4040 longuram
454 3987 525 4034 esse,
544 3970 593 4022 ubi
607 3978 665 4022 tum
699 3972 794 4038 gione‚
813 3971 900 4022 idest
917 3984 1001 4037 propo
1016 3973 1120 4034 Asiam,
1137 3988 1171 4024 ea
1185 3977 1238 4034 est,

125 4043 293 4094 rationando
312 4042 387 4096 Dera
404 4046 463 4103 ast,
485 4054 582 4108 quani,
600 4053 666 4091 oum
701 4055 772 4106 quae
803 4056 820 4090 a
845 4039 938 4090 Plinio
967 4038 1010 4092 his
1034 4039 1157 4092 retertur
1179 4055 1237 4092 var·

107 4110 501 4178 4δίιιιιιιιιιι·ιιοιιιιιιιιιιι)ιιιιιι
532 4123 587 4160 non
619 4108 665 4169 sir,
700 4109 744 4160 liis
763 4107 868 4170 V,23:
892 4109 995 4174 Telos,
1019 4119 1165 4178 unguento
1190 4123 1237 4160 no-

125 4183 167 4232 ita
185 4181 308 4232 iuouisse
323 4185 483 4245 oporteret,
501 4185 533 4229 ut
549 4184 677 4244 propter
700 4177 780 4238 bilis,
799 4177 1002 4229 aCallimaolro
1019 4177 1180 4246 Agathussa
1192 4194 1239 4244 op

126 4265 188 4303 earn
211 4245 286 4302 haee
315 4249 442 4316 aonrpioi
474 4261 531 4302 nou
560 4252 664 4314 posset.
689 4246 816 4314 pellata,
832 4245 961 4300 Donusa.
980 4245 1094 4301 Patmos
1110 4243 1163 4302 c'et.
1183 4247 1238 4300 Seu
1292 4245 1300 4286 f
