2872 4814
260 387 323 452 284
473 383 767 446 ΣΤΑΔΙΑΣΜΟΣ
786 383 896 456 Hros
915 381 1175 443 ΠΕΡΙΠΛΟΤΣ

259 573 340 637 oscd.
370 568 402 633 a!
439 566 528 644 πόλις
555 568 617 632 dori
645 567 766 648 κειμένη
796 563 875 648 node
900 562 1088 651 precipitem·
1117 567 1177 649 ἔχει
1215 566 1248 630 δὲ
1274 569 1358 650 λιμένι

260 675 406 755 τριπλοῦν
435 669 524 733 παντὶ
555 666 657 752 α’νὲμῳ
687 665 737 729 καὶ
760 662 844 748 ἱερὸν
863 663 1051 748 Ἀφροδίτης.
1094 663 1169 732 Ἀπό
1192 665 1303 748 Πάφου
1327 668 1359 742 εἰς

261 765 440 862 Νουμήνιον
453 773 487 808 ¹·
517 766 613 851 νῆσός
634 767 714 830 ἐστιν
742 765 850 847 ἔχουσα
876 763 993 849 πήρην·
1024 765 1041 832 d
1070 766 1104 830 ii
1132 773 1229 845 πλοῦς
1249 765 1358 852 despuis·

258 937 289 992 id
309 937 542 1012 promontorium
581 934 617 990 ud
646 933 796 989 sinistram
826 932 966 1006 habenti,
988 934 1025 991 sd
1045 933 1177 1010 Paphum
1196 936 1288 993 stadia
1305 937 1357 992 abt

258 1011 335 1070 Urbs
356 1013 413 1070 sita
432 1021 476 1068 est
495 1010 531 1068 ad
552 1008 713 1068 meridiem.
752 1007 850 1066 Habet
881 1020 979 1068 autem
1003 1019 1121 1086 portum
1147 1013 1309 1087 triplicem,
1333 1010 1360 1066 ab

260 1090 341 1145 omni
360 1096 449 1146 vento
471 1098 586 1160 tutum,
614 1095 645 1144 et
664 1086 804 1159 templum
824 1083 955 1144 Veneris.
978 1087 1001 1144 A
1022 1084 1121 1162 Papho
1141 1088 1178 1144 ad
1200 1087 1360 1146 Numenium

257 1280 291 1319 eo
311 1263 411 1319 nostra
427 1263 540 1334 quidem
558 1264 700 1316 sententia
717 1262 799 1316 refel-
836 1261 1004 1332 Neopaphns
1036 1269 1130 1316 antem
1163 1255 1237 1317 nunc
1260 1271 1286 1318 et
1310 1267 1361 1330 ipsa

259 1336 346 1398 litur,
367 1335 442 1402 quod
458 1334 507 1385 diu
525 1339 592 1400 post
611 1331 713 1383 bellum
728 1335 800 1384 Tro·
834 1336 961 1401 ricuslet
978 1333 1062 1400 plena
1078 1349 1175 1385 rerum
1199 1334 1360 1402 antiquarum

258 1405 353 1455 lanum
373 1410 402 1455 et
419 1411 478 1454 tum
497 1401 610 1469 quidem
627 1415 689 1453 curn
705 1401 801 1454 cetera
833 1409 916 1454 retus
943 1401 1023 1454 Batia
1061 1402 1189 1466 dicitur,
1208 1417 1272 1453 nam
1301 1416 1360 1452 nova

256 1487 368 1540 quoque
390 1473 457 1526 Asia
483 1470 612 1531 Graecis,
650 1470 800 1521 Graeciam
834 1469 915 1522 Balla
933 1471 1013 1522 mille
1031 1477 1163 1536 passuum
1181 1472 1217 1523 ad
1240 1473 1359 1524 orientem

258 1540 495 1608 relinquentibus,
518 1537 607 1592 incoli
628 1546 728 1604 coepta
746 1545 799 1591 est.
835 1541 870 1590 ab
888 1539 938 1590 illa
956 1539 1073 1591 condite
1089 1547 1142 1592 est.

258 1609 318 1661 Nec
335 1622 402 1661 vero
423 1623 551 1676 magnam
574 1607 656 1658 simul
676 1606 800 1658 multitu·
870 1606 895 1672 l)
916 1607 972 1659 Vix
984 1615 1080 1675 potest
1094 1609 1210 1660 dubium
1225 1624 1293 1672 esse,
1305 1607 1359 1676 quic

258 1677 352 1730 dinem
370 1678 495 1742 venisse,
523 1675 588 1726 hinc
610 1675 724 1726 videtur
752 1691 799 1726 no·
834 1672 887 1726 hoo
906 1675 1064 1728 Numenion
1090 1677 1188 1729 eadem
1216 1677 1306 1729 insula
1326 1675 1360 1725 in·

258 1747 301 1798 bis
330 1746 463 1798 concludi
494 1744 611 1804 debere,
642 1743 733 1811 quod,
768 1750 800 1794 ot
834 1744 929 1813 telligi
949 1745 1066 1808 debeat,
1095 1761 1177 1813 quam
1196 1746 1301 1798 Plinius
1321 1757 1360 1794 ro·

257 1821 385 1882 apparet,
405 1828 468 1866 cum
484 1812 673 1865 Phoenicibus
687 1828 718 1864 se
734 1827 800 1864 con·
835 1819 882 1864 cat
901 1814 1174 1881 Hierocepiam.
1202 1817 1302 1867 Contra
1316 1811 1361 1863 Ne

257 1884 411 1934 iunxerunt
443 1896 595 1948 eorumque
625 1881 686 1932 sive
711 1882 799 1948 magi·
834 1879 1019 1949 ampaphum,
1052 1883 1161 1951 inquit,
1194 1882 1361 1948 Hierotepia,

257 1951 395 2002 stratibus
423 1951 481 2002 sive
502 1952 619 2016 regibus
638 1959 799 2015 paruerunt.
835 1956 935 2000 contra
950 1951 1096 2010 Salamina
1113 1952 1286 2005 Salannniae·
1305 1951 1360 2015 (sci-

258 2019 384 2086 Namqne
411 2016 464 2070 hoc
487 2017 635 2069 dicendum
659 2023 799 2084 putamus,
834 2033 864 2070 re
889 2019 956 2070 licet
980 2021 1110 2082 insulae).
1155 2019 1259 2074 Strabo
1281 2026 1361 2072 autem

258 2086 415 2138 Phoenices
443 2087 567 2154 patrium
600 2090 715 2138 secutos
742 2100 798 2137 mo·
833 2085 903 2140 haee
936 2089 1132 2155 llierocepiam
1164 2106 1229 2141 num
1257 2088 1360 2141 insulan

256 2171 315 2207 rem
344 2171 429 2206 unum
454 2156 581 2222 ipsorum
608 2155 692 2206 rebus
718 2170 798 2221 prae·
834 2156 914 2208 dieat
938 2172 972 2207 an
1000 2158 1149 2224 oppidum,
1176 2173 1231 2210 nen
1256 2156 1361 2210 satisti-

257 2225 479 2298 essevvoluisse,
510 2225 677 2290 quitamen
710 2225 799 2292 magi·
832 2233 910 2346 poet.
947 2225 1007 2275 Uno
1035 2227 1097 2278 loeo
1123 2225 1290 2279 haecdicit:
1312 2217 1361 2276 Εἶτ’

257 2299 365 2345 stratus
390 2299 419 2344 et
445 2292 636 2344 hereditarius
666 2297 695 2341 ot
727 2307 797 2358 pene
853 2311 908 2362 κρυ
926 2294 1067 2361 Ζεφυρία,
1087 2292 1249 2363 πρόςορμον
1266 2293 1359 2363 ἔχουσι,

257 2363 353 2431 regius
369 2368 439 2413 erat.
474 2361 617 2421 Diximus,
635 2375 696 2410 curn
712 2360 799 2412 Phoe·
832 2363 880 2416 καὶ
894 2357 964 2430 ἄλλη
984 2356 1122 2430 Ἀρσινόη,
1141 2360 1247 2450 ὁμοίως
1261 2361 1361 2430 necrop-

258 2432 383 2492 nlcibus,
402 2430 449 2497 qui
468 2431 523 2496 ipsi
542 2443 655 2498 quoque
679 2431 735 2479 iam
761 2428 799 2480 ad
831 2449 886 2498 μον
903 2429 1017 2498 ἔχουσαι
1041 2432 1089 2486 net
1108 2431 1185 2498 leoco
1202 2433 1251 2486 nai
1275 2430 1362 2492 ἄλσος·

257 2514 333 2551 more
352 2499 561 2560 consedissent,
587 2503 687 2564 postea
710 2499 797 2549 etiam
853 2499 933 2566 inpos
957 2493 1015 2554 α’πό
1038 2503 1087 2568 τῆς
1117 2497 1261 2570 huldreus
1285 2494 1361 2564 sold

259 2568 385 2620 Graecos
410 2583 440 2618 se
463 2565 589 2617 homines
608 2566 799 2625 coniunxisse,
835 2567 989 2638 Ιεροκηπίς.
1025 2563 1092 2622 Εἶθ’
1112 2565 1249 2638 officione
1264 2567 1308 2634 νὴ
1330 2567 1360 2619 al·

134 2617 135 2620 Ἴ
174 2635 176 2638 ’
258 2637 343 2706 Quod
360 2637 450 2702 primo
478 2649 646 2702 perparvum
665 2635 798 2701 oppidum
833 2642 897 2688 tero
915 2637 1003 2688 haec:
1022 2633 1361 2708 Tldldeireicnosptoie

258 2720 320 2757 cum
351 2703 533 2771 navigatione
567 2709 597 2755 et
630 2704 798 2756 commercio
832 2702 999 2773 θαυμάζειν,
1018 2705 1066 2758 sul
1090 2703 1213 2773 μάλιστα
1237 2710 1293 2761 τοῖν
1317 2723 1360 2760 ιιι·

257 2780 375 2842 propter
417 2787 554 2824 summam
603 2775 799 2839 opportunita-
834 2770 933 2842 οοίων,
960 2769 1037 2840 oleri
1054 2777 1133 2827 πᾶσα
1154 2777 1220 2842 περὶ
1236 2771 1285 2845 τὴν
1302 2769 1361 2844 epti·

258 2849 314 2896 tem
326 2841 395 2893 ¹loci
420 2841 529 2892 divitiis
559 2848 715 2902 cresceret,
740 2847 799 2890 tum
834 2856 878 2895 σιν
896 2839 953 2895 ἐστὶ
967 2840 1086 2928 σπουδῇ,
1105 2839 1140 2896 cci
1156 2847 1211 2897 roei
1224 2841 1361 2911 Δυμιῖοιον

257 2912 286 2961 in
314 2924 411 2978 canapo
437 2908 580 2966 montibus
611 2909 703 2959 cincto
727 2910 800 2976 posi·
822 2912 1041 2978 ’συγκρίνοντας,
1060 2927 1137 2973 occec
1160 2915 1209 2982 τῆς
1231 2909 1312 2982 νήοον
1336 2903 1361 2962 td

256 2987 315 3044 turn
334 2977 517 3028 multitudine
537 2991 646 3038 eorum,
665 2979 712 3044 qui
730 2979 799 3028 illuc
832 2981 919 3047 μῆκος
942 2973 1001 3033 sind
1023 2984 1079 3035 rein
1104 2976 1216 3047 ἄρκτων
1238 2978 1307 3067 πρὸς
1326 2997 1362 3046 με·

244 3045 416 3121 habitatum
433 3045 625 3106 concedebant
638 3047 728 3113 magis
743 3062 799 3097 ma·
834 3048 971 3118 σημβρίοιν
995 3042 1196 3117 circumsionem?
1214 3045 1272 3105 cino
1295 3047 1361 3113 ‘leno-

256 3113 356 3184 gisque
376 3120 542 3181 augeretur,
564 3113 606 3164 ita
625 3115 704 3181 qrrosi
727 3129 799 3165 nova
832 3117 943 3183 νηπίοις,
958 3108 996 3178 ὥς
1010 3134 1104 3186 φησιν,
1120 3119 1303 3183 εἰςΚλιΐᾶυςς
1317 3108 1361 3168 Ου’·

258 3182 370 3252 Paphos
389 3179 466 3233 lacta
493 3183 534 3232 sic
552 3183 636 3233 etiam
655 3184 799 3234 nominata
834 3183 865 3238 ci
883 3181 900 3238 ὁ
916 3179 1122 3256 Ἐρατοσθένης
1145 3177 1192 3240 eri·
1212 3184 1360 3254 αἰτιώμενοι

256 3259 309 3313 est,
329 3253 494 3320 praesertim
520 3265 592 3313 cum,
622 3253 694 3319 quod
720 3259 798 3303 certe
832 3249 886 3321 γὰρ
904 3256 1021 3316 τοῦτον,
1046 3249 1097 3308 ονίι
1114 3249 1163 3307 ἄπ’
1186 3251 1296 3324 ἄρκτων
1320 3269 1359 3337 pu·

258 3321 364 3373 fectum
383 3327 441 3383 est,
466 3321 495 3370 in
510 3335 611 3370 novam
629 3321 727 3372 urbem
748 3335 797 3372 rex
833 3320 876 3374 clv
894 3317 966 3375 εἶναι
981 3319 1033 3391 τὴν
1044 3320 1226 3410 Ἶεροιιηπίανζ
1243 3319 1301 3378 a’ts'
1314 3313 1358 3374 αιιὸ

255 3389 480 3456 nobilissimique
498 3388 709 3444 concessissent.
741 3389 796 3441 Sed
831 3387 932 3443 νότου·
961 3385 1029 3445 ον’δὲ
1046 3388 1099 3460 γὰρ
1117 3387 1174 3446 dno*
1192 3412 1294 3459 νοιου,
1312 3379 1358 3443 oill'
1418 3409 1419 3414 ¹

255 3459 569 3528 quamquametiamin
591 3455 644 3508 hac
662 3458 796 3524 templum
831 3453 889 3523 α’πὸ
910 3457 1028 3529 δύσεως,
1056 3462 1115 3515 eine
1152 3457 1182 3514 ἐν
1203 3465 1239 3534 τῇ
1255 3456 1359 3546 δνομοιῇ

196 3591 199 3600 ¹
256 3527 378 3580 Veneris
412 3533 574 3578 extructum
607 3533 665 3589 est,
706 3533 797 3578 tamen
830 3530 900 3580 niso
921 3530 1054 3598 ᾇιιεῑιαι,
1074 3479 1135 3600 aa}
1157 3530 1206 3583 aul
1228 3526 1359 3597 ήΠνφος,

257 3597 334 3664 quod
353 3603 415 3648 erat
432 3596 504 3662 apud
533 3601 646 3647 veteres
665 3594 796 3662 Paphios,
830 3596 912 3650 unio
937 3591 1064 3665 Ἀκάμας.
1103 3599 1202 3652 Priore
1228 3599 1291 3650 loco
1315 3607 1359 3646 nou

255 3663 383 3732 perrexit
410 3664 624 3731 religiosissime
657 3665 711 3716 coli
747 3679 798 3716 nec
832 3673 875 3717 est
893 3665 1007 3716 dubium
1026 3666 1359 3735 qninllierocepislocus
1418 3693 1419 3708 ι

256 3732 519 3800 aPephiissolum
539 3731 588 3782 sed
609 3731 692 3784 etiam
719 3749 736 3784 a
754 3749 796 3785 re·
831 3735 859 3784 in
878 3735 1040 3787 continente
1060 3736 1147 3804 Cypri
1178 3737 1358 3798 dicatunpo

255 3800 341 3868 liquis
366 3802 493 3868 cypriis,
523 3815 643 3868 quorum
670 3800 699 3851 id
724 3817 796 3852 com·
829 3805 950 3854 steriore
976 3804 1089 3855 dubium
1120 3812 1178 3866 cst,
1206 3801 1358 3872 praesertim

219 3889 223 3896 ¹
255 3883 337 3922 mune
353 3869 408 3920 init
423 3885 540 3930 sacrum,
556 3882 610 3937 quo
624 3867 730 3921 iactum
744 3877 796 3931 est,
831 3887 893 3922 cum
910 3874 996 3923 etiam
1012 3872 1090 3926 dicat
1101 3869 1265 3942 Ἱεροκηπίυ,
1281 3882 1360 3939 quan·

254 3945 288 3989 ut
305 3936 512 4005 Palaepaphos,
531 3953 697 4007 quamquam
723 3954 797 3990 nova
830 3955 914 4009 quam
939 3945 969 3992 et
993 3947 1054 3994 tota
1080 3945 1193 3995 ratione
1223 3942 1357 3994 verborum

179 4053 184 4067 ,
256 4006 370 4058 condito
396 4009 490 4058 oninia
521 4006 589 4058 illuc
614 4005 796 4070 confluerent,
829 4009 905 4062 idem
937 4009 1077 4077 quiante
1102 4010 1184 4063 locus
1216 4003 1358 4078 significari

255 4079 421 4128 nontamen
440 4075 522 4142 plane
546 4076 734 4129 desereretur.
754 4079 796 4130 Ea
828 4077 941 4130 videtur
966 4084 995 4130 et
1019 4080 1123 4142 etiam,
1153 4081 1179 4131 si
1205 4077 1303 4132 Strabo
1324 4074 1358 4122 in·

254 4143 312 4196 fuit
342 4143 399 4204 ibi,
422 4143 472 4194 ubi
503 4160 576 4196 nunc
600 4146 679 4197 vicus
704 4145 794 4196 Con·
828 4147 920 4200 sulam
937 4147 1139 4211 intellexisset,
1156 4148 1187 4199 id
1205 4145 1356 4201 addidisset.

256 4209 337 4265 eloh
355 4217 414 4278 est,
434 4211 507 4279 apud
524 4228 606 4281 quem
623 4215 709 4266 etism
728 4215 795 4266 reli·
828 4217 878 4268 sed
896 4222 989 4270 tamen
1011 4209 1215 4278 existimamus,
1233 4222 1261 4269 et
1277 4229 1294 4265 a
1310 4211 1355 4261 Ds-

256 4282 338 4350 quiae
357 4282 493 4352 antiquae
511 4283 590 4335 urbis
603 4284 792 4350 reperiuntur.
827 4294 919 4340 masto
937 4290 968 4338 et
994 4287 1029 4340 sb
1056 4283 1242 4340 Eratosthene
1267 4282 1357 4334 llicro·
