2872 4814
345 397 432 454 ΤΗΣ
455 398 678 492 ΜΕᾙΑΛΗΣ
703 399 949 462 ΘΑΛΑΣΣΗΣ.
1132 401 1197 466 245

90 582 238 646 Κισσίιιων
259 578 308 644 ἐπὶ
336 584 432 661 νῆσον
450 577 638 664 Λάγουσιιν1
665 584 747 646 crud.
779 577 819 646 π’.
860 579 934 646 'sind
957 581 1129 666 Auyoricov
1150 586 1192 661 εἰς
1246 633 1249 640 .

94 675 292 764 Τειιμενσόν2
311 683 392 766 crud.
416 705 447 746 ε.
467 677 542 745 ilci
563 685 748 764 Trispsvoori
768 681 818 746 inl
839 680 1022 764 Πηδάλιον8
1042 681 1116 750 κατὰ
1138 681 1194 766 τὴν
1262 688 1264 692 ’

92 825 210 904 dissides
238 847 334 906 stadia
353 847 400 905 50.
439 847 644 907 ACissidihus
664 847 701 905 od
720 847 845 906 insulam
865 847 1011 926 lingosum
1031 849 1127 908 stadia
1145 853 1191 908 80.

91 925 112 980 l
130 923 243 1002 Lagusa
262 925 299 982 ad
319 924 501 984 Telmessum
521 925 616 982 stadia
635 925 662 982 5.
683 926 708 981 Α
728 925 880 982 Telmesso
900 925 936 981 ml
946 924 1097 984 Pedalium
1117 927 1193 1002 opud

91 1131 620 1186 rideturaumeolocomensuraocto·
655 1134 722 1186 dae
765 1141 795 1187 et
824 1136 994 1190 Daedala
1027 1134 1081 1188 hac
1114 1141 1223 1190 terra‘

93 1203 164 1270 ginta
182 1202 340 1254 stadiorum
361 1204 522 1256 convenire.
655 1203 944 1270 comprehendantur:
968 1206 1011 1258 ita
1036 1203 1197 1272 Stephanus

125 1273 146 1326 li
173 1273 251 1326 llaec
272 1271 372 1332 insula,
397 1278 429 1323 ut
453 1279 519 1324 ante
544 1271 620 1322 ride-
654 1274 743 1339 ipsam
760 1272 1134 1341 Telmessumcppidnm
1144 1277 1194 1326 Co·

93 1339 191 1400 irrosus,
217 1355 234 1390 a
253 1339 346 1391 Plinio
365 1355 477 1409 quoque
501 1354 621 1392 comma·
656 1344 715 1392 riae
737 1341 823 1403 dicit,
842 1342 916 1410 quod
934 1343 1010 1396 idem
1029 1343 1129 1394 cicero
1151 1343 1193 1393 di-

94 1415 219 1462 moratur.
240 1409 389 1461 Mensurae
402 1409 426 1459 si
441 1416 536 1461 rectae
547 1425 579 1460 su
601 1415 621 1470 t,
656 1410 711 1468 rit,
732 1410 766 1461 de
785 1411 842 1464 dir.
860 1413 889 1475 l,
907 1411 930 1476 5.
943 1413 997 1464 ul:
1032 1412 1193 1463 Telmessus

94 1475 200 1528 ridetur
232 1493 266 1530 ea
293 1493 327 1528 ex
355 1477 415 1528 illis
439 1493 489 1529 sex
521 1425 622 1531 insuhs
655 1479 683 1528 in
705 1479 787 1530 Caria
808 1484 865 1540 est,
892 1481 993 1548 quain
1014 1479 1193 1532 urbeexael·

94 1559 158 1610 qnae
176 1546 204 1596 in
222 1548 286 1597 sinu
301 1547 410 1598 Glauco
427 1553 503 1609 sunt,
520 1546 623 1597 intelli·
656 1547 691 1597 iit
709 1545 886 1614 haruspicum
905 1548 1065 1616 disciplina.
1082 1548 1123 1599 Ad
1140 1547 1194 1600 hoo

93 1613 176 1678 genda
201 1631 277 1679 esse,
309 1630 380 1683 quae
406 1611 567 1665 transversa
592 1616 621 1665 in
657 1615 792 1682 oppidum
813 1623 844 1666 ut
862 1623 1008 1679 revertar,
1028 1617 1058 1668 id
1079 1633 1096 1668 a
1115 1616 1194 1669 Stra·

93 1682 164 1733 aditu
190 1687 267 1735 sinos
291 1683 559 1750 ipsius'l'elmissici
582 1685 622 1733 ia·
655 1683 729 1734 hone
742 1683 860 1752 πολίχνη
878 1684 1050 1747 dieitur,ut
1068 1686 1129 1736 eius
1148 1701 1194 1737 ae·
1229 1681 1231 1686 ’

94 1761 141 1802 rat.
162 1751 364 1820 lnapographo
380 1756 423 1802 est
440 1753 529 1803 altero
545 1751 621 1814 loro,
656 1758 715 1803 tate
744 1753 773 1803 id
800 1767 853 1802 non
879 1754 937 1804 inm
964 1753 1066 1804 iisdem
1091 1753 1193 1820 opibus

95 1829 121 1868 ut
136 1817 194 1871 iere
213 1823 259 1883 fit,
278 1816 439 1888 Λαγούσων.
655 1819 743 1871 luisse
763 1831 907 1887 appareat,
935 1822 1037 1890 quihus
1062 1822 1194 1888 tempori·

123 1890 148 1951 ι)
166 1886 620 1952 llocsanemirabile,librariom‚
655 1889 707 1940 hus
725 1890 931 1956 superioribus.
957 1891 1026 1942 Eius
1043 1889 1118 1942 inter
1136 1890 1194 1941 rui-

95 1958 133 2006 rui
156 1957 207 2009 hoc
231 1958 421 2025 fragmentum
445 1956 545 2024 peripli
574 1955 621 2007 de·
655 1973 721 2019 nos,
747 1973 818 2025 qrrae
846 1959 1007 2010 etiamnunc
1030 1965 1193 2025 supersunt,

95 2024 190 2088 licinus,
208 2027 237 2078 in
259 2025 425 2096 quibusdam
450 2026 528 2074 vitiis
556 2039 621 2075 eon·
656 2023 799 2077 theatrum
826 2029 930 2079 eminet
955 2035 986 2080 et
1010 2028 1136 2095 porticus
1164 2032 1194 2079 et

96 2095 193 2147 stitisse
218 2097 282 2148 sibi.
334 2097 375 2146 De
402 2092 621 2144 consummatione
655 2091 810 2160 sepulchra,
829 2096 918 2148 incisa
937 2096 967 2147 ιιι
984 2111 1077 2163 rupes.
1096 2095 1194 2148 Hodie

95 2164 356 2234 singulari-inumeri
371 2163 532 2230 etplurolis,
548 2175 620 2228 quse
656 2163 742 2226 lllei,
760 2162 835 2230 quod
853 2179 953 2215 nomen
978 2179 993 2216 e
1014 2172 1109 2216 vetere
1127 2179 1193 2216 con·

96 2232 148 2286 lere
171 2234 268 2286 eadem
294 2233 403 2284 ratione
432 2232 477 2292 fit,
508 2231 620 2296 saepius
654 2237 775 2282 tractum
806 2239 866 2296 est,
900 2232 1020 2294 dicitur,
1044 2233 1085 2283 ita
1120 2235 1193 2282 enim

96 2304 217 2364 diximus,
234 2301 389 2354 sedendam
406 2299 540 2368 peccandi
557 2313 620 2348 oon·
655 2306 754 2366 portus
788 2301 886 2368 oppidi
913 2298 1043 2366 Makry
1076 2299 1192 2355 dicitur.
1262 2301 1264 2306 “

95 2375 190 2423 stantia
209 2387 259 2438 pro
280 2385 312 2423 σσ
334 2369 458 2421 scribere
477 2367 551 2418 solet
577 2380 621 2420 vm
656 2370 710 2418 Est
730 2368 821 2436 igitur
852 2383 908 2419 non
938 2369 1009 2420 satis
1042 2375 1138 2430 recte,
1167 2368 1193 2420 si

95 2441 228 2492 'l'rlmesso
239 2441 305 2492 urhe
317 2439 432 2504 lryciam
442 2437 527 2498 liniri,
541 2450 620 2502 prae·
654 2435 809 2505 geographi
828 2435 947 2500 docent,
965 2434 1096 2504 Makry
1114 2444 1194 2490 rete·

96 2516 133 2560 ter
154 2510 256 2560 lllrlam
292 2504 400 2559 Plinius
433 2519 545 2572 quoque
570 2505 620 2566 ait,
654 2519 712 2557 rem
731 2504 904 2558 'l'elmessum
924 2521 994 2558 esse.
1036 2505 1111 2556 lllud
1130 2520 1193 2574 pro·

98 2576 193 2636 V,28:
223 2574 449 2628 Promontorium
475 2575 620 2640 Cragus.
655 2574 826 2624 montorium
847 2582 1014 2643 angustum,
1033 2575 1108 2642 quod
1126 2581 1192 2626 ante

96 2645 177 2708 Ultra,
198 2662 247 2711 par
274 2647 351 2696 sinus
369 2643 473 2710 priori:
499 2642 540 2692 ibi
560 2641 621 2691 Pi·
657 2639 727 2693 hanc
744 2643 842 2694 urbem
861 2651 918 2700 est.
946 2643 1094 2695 dicebatur
1119 2637 1193 2710 ἄκρα

97 2729 178 2766 nara
195 2721 224 2766 et
240 2729 311 2782 quse
326 2713 443 2778 Lyciam
460 2708 622 2777 linitprel-
659 2710 824 2778 Τειμησσίς,
849 2721 881 2762 ut
898 2713 948 2764 illa
966 2713 1052 2764 etiam
1077 2712 1193 2778 profun-

98 2797 235 2836 messus.
270 2783 360 2848 Lycia
385 2778 523 2848 quondam
542 2778 622 2830 LXX
657 2780 710 2830 dus
727 2794 867 2847 recessus,
887 2781 963 2832 intra
976 2779 1192 2848 quem'l'elmes·
1294 2794 1296 2798 ·

98 2853 190 2918 oppida
209 2851 321 2913 habuit,
340 2865 413 2900 nuno
436 2846 557 2899 XXXVl
575 2844 622 2898 ha·
653 2863 703 2898 sus
720 2847 776 2898 sita
794 2857 872 2910 erat,
896 2846 1000 2911 κόλπος
1026 2845 1193 2917 Τειμήσσιος

99 2920 149 2972 ber.
183 2923 217 2971 st
235 2920 339 2972 Strabo
358 2918 444 2980 dicit,
463 2917 545 2968 linem
564 2915 621 2980 Ly·
656 2916 817 2983 appellatus
843 2924 894 2970 est.
930 2918 1134 2985 Antiquissima
1157 2933 1192 2968 ac

98 2987 152 3040 ciac
166 2998 285 3040 montem
303 2986 475 3040 Daedala
493 2999 564 3044 esse,
580 2985 622 3034 ita
655 2988 732 3036 iusta
756 2985 846 3038 forma
871 2991 915 3038 est
942 2980 1112 3054 Τελμησσὸς,
1138 2999 1192 3052 pro

98 3063 198 3116 tannen,
213 3063 244 3107 ut
261 3059 286 3107 is
306 3057 340 3108 ad
363 3055 480 3121 layciam
498 3053 622 3120 pertine·
657 3069 712 3121 qua
722 3060 826 3120 tamen,
844 3061 876 3106 ιιι
890 3055 975 3106 litera
990 3074 1001 3108 ι
1014 3054 1130 3106 mollior·
1141 3057 1194 3121 est,

96 3132 138 3185 αις
172 3125 245 3194 quod
276 3129 369 3177 autem
404 3130 466 3191 post
499 3127 621 3172 montem
656 3137 740 3188 saepe
754 3126 840 3174 etiam
858 3119 1010 3190 Τελμισσὸν
1027 3125 1193 3174 invenimus.

98 3193 220 3258 oppidum
239 3192 408 3246 Daedala
433 3191 486 3252 sit,
509 3190 538 3240 id
565 3191 620 3240 iam
691 3191 718 3252 3)
743 3192 799 3252 Qui
831 3191 937 3242 lactum
971 3193 1024 3255 sit,
1059 3199 1091 3242 ut
1121 3189 1193 3242 haec

98 3261 130 3311 sd
147 3263 253 3314 Cariam
270 3263 422 3330 pertinere.
445 3259 505 3311 Nos
522 3260 551 3308 in
570 3256 622 3309 hac
655 3273 786 3310 mensura
811 3275 829 3310 a
859 3259 1007 3310 Telmesso
1039 3259 1075 3310 ad
1102 3259 1192 3310 Peda-

100 3331 221 3395 opiniona
237 3347 341 3392 sumus,
359 3336 391 3380 ut
409 3335 546 3395 putemus,
566 3327 621 3392 Ly·
656 3326 724 3376 lium
747 3324 792 3377 hic
809 3326 906 3378 addita
923 3327 962 3377 sit
980 3333 1010 3378 et
1027 3340 1081 3377 non
1099 3327 1128 3376 in
1148 3342 1192 3393 pe·

100 3400 162 3449 eiam
185 3397 299 3451 humine
332 3398 461 3460 Glauco,
499 3404 621 3447 montem
655 3396 856 3461 ripleCariae‚
876 3410 931 3445 non
956 3400 998 3446 est
1023 3395 1192 3462 quodinve·

99 3466 215 3520 Daedala
238 3466 473 3536 praeterfluente,
501 3464 622 3525 deliniri,
656 3466 804 3530 stigemus.
837 3463 973 3515 Mensura
989 3463 1110 3529 ipsa,si
1128 3477 1192 3514 cum

98 3549 153 3586 rrum
169 3544 267 3605 gentas
283 3536 375 3587 solrmt
393 3547 447 3585 uon
466 3539 522 3584 tarn
545 3548 623 3582 mon·
657 3548 690 3583 eo
711 3546 826 3584 numero
845 3532 1011 3594 stadiorum,
1029 3532 1076 3599 qui
1095 3531 1123 3580 in
1145 3545 1191 3596 pe·

100 3604 165 3654 tibus
188 3621 268 3674 quam
302 3603 396 3655 lluviis
422 3601 622 3661 disterminati,
657 3600 735 3668 riplo'
756 3601 855 3652 cariae
888 3617 905 3652 a
932 3601 1078 3652 'l'elmesso
1103 3615 1191 3667 usque

99 3681 236 3739 propterea
257 3675 331 3742 quod
357 3671 486 3723 homines
510 3669 623 3721 facilius
657 3669 691 3720 ad
713 3669 856 3722 Pedalium
876 3667 1007 3736 eflicitur,
1025 3674 1140 3720 auctore
1155 3667 1190 3720 ad

100 3751 196 3794 orontes
223 3759 303 3811 quarn
336 3741 451 3792 ilurnina
481 3747 624 3806 transgre·
657 3739 771 3806 singula
790 3739 897 3805 oppida
916 3738 1088 3804 appellente,
1114 3751 1190 3788 com-

100 3809 211 3873 rliontor,
229 3810 464 3880 quemadmodum
480 3809 563 3858 etism
577 3823 622 3857 su·
656 3815 783 3873 paratur,
804 3815 883 3858 recta
898 3806 989 3857 rideri
1009 3805 1107 3868 debet,
1128 3821 1190 3856 nam

99 3891 141 3944 pra
161 3881 337 3941 videbamus,
368 3879 436 3928 fines
454 3884 483 3928 et
507 3875 622 3927 ciliciae
658 3875 775 3940 primunr
788 3875 814 3927 is
832 3875 1007 3928 a'l'elmesso
1027 3873 1136 3926 directo
1155 3874 1189 3924 ad

99 3957 124 3998 et
141 3949 317 4016 Pamphyliae
336 3947 451 3998 flumina
471 3961 540 3996 esse.
571 3944 622 3995 Ve·
657 3943 803 3995 Pedalium
823 3944 975 4012 navigarit.
1012 3943 1073 3995 Hoc
1095 3950 1191 3994 autem

99 4023 164 4070 rerrs
188 4027 279 4070 sutem
308 4016 342 4067 de
368 4015 488 4066 termino
514 4013 621 4077 liyciae
657 4014 898 4080 promontorium,
938 4011 1023 4064 hodie
1056 4011 1191 4063 Beko-

100 4085 242 4155 Cariaeque
261 4085 437 4144 dissensisse,
455 4089 622 4149 argumenta
657 4083 731 4134 mad
743 4080 776 4132 hi
795 4082 911 4142 dictum,
929 4081 1006 4132 idem
1024 4081 1085 4132 sine
1105 4079 1189 4130 dubio
1234 4121 1236 4126 .

99 4157 270 4208 suntmults.
309 4155 351 4205 lta
378 4152 556 4204 Ptolemaeus
585 4149 620 4200 ah
657 4157 714 4213 est,
734 4150 808 4219 quod
830 4149 1189 4200 Strabollrtemisium

99 4227 192 4291 turpido
223 4222 390 4291 Calynda
419 4221 531 4272 initium
564 4218 620 4285 liy·
655 4227 754 4282 vocat,
774 4217 847 4286 quod
867 4217 950 4269 nohis
967 4218 1105 4270 recentius
1124 4230 1187 4268 esse

99 4295 153 4346 riae
170 4295 253 4364 lacit,
272 4307 328 4364 quo
358 4292 398 4355 lit,
423 4295 456 4342 ut
480 4297 509 4342 et
535 4287 622 4358 Cly·
654 4305 757 4344 nomen
774 4287 912 4345 ridetur..
929 4287 989 4341 lste
1006 4292 1099 4339 autem
1121 4284 1191 4336 dicit
