2846 4812
242 327 307 436 sss
403 433 407 450 ,
512 311 777 426 messuros
794 355 1094 420 araneantes

242 557 299 618 τοῦ
311 553 433 636 ’Ἀλβιος
454 553 592 631 ποταμοῦ
620 544 726 611 στάδια
751 542 814 624 ψοί.
843 538 905 606 dori
933 541 966 605 el
987 545 1048 604 .τοῦ
1066 537 1185 623 Ἀλβίου
1207 543 1348 620 ποταμοῦ

242 653 390 735 ἐκδέχεται
416 650 437 733 ὴ
460 647 627 729 καλουμένη
649 642 802 728 Κνμβρνκὴ
832 638 1054 724 χερσόνησοςθ,
1092 639 1214 721 μεγίστη
1240 637 1348 721 τυγχά-

241 774 345 818 νουσα.
377 751 429 816 κα1
456 749 535 813 ἐστιν
563 743 625 811 est
654 751 716 808 miv
743 747 799 806 τοῦ
825 739 945 825 Ἀλβίου
971 743 1110 822 ποταμοῦ
1137 737 1275 820 ἐκβολῶν
1301 736 1348 801 inl
1398 756 1403 770 ·

240 850 299 935 τὴν
318 850 441 936 πρώτην
463 845 571 931 ἐξοχὴν
590 852 645 929 τὴς
664 842 858 928 χερσονήσου,
879 839 936 923 τὴν
957 837 1029 923 μετὰ
1050 836 1270 919 ris’hiillsoo⁶
1295 859 1348 901 πο-

163 947 166 952 ’
241 947 338 1034 ταμόν
364 950 521 1032 κειμένην,
551 945 668 1012 στάδιοι
689 941 757 1023 με’,
788 939 906 1004 στάδιοι
924 939 961 1005 υ’.
991 937 1054 1004 del
1083 938 1115 1003 ti
1144 943 1199 1018 τὴς
1226 935 1349 1017 πρώτης

241 1049 348 1132 ἐξοχὴς
368 1054 422 1130 τὴς
450 1046 635 1132 χερσονήσου
656 1043 707 1108 ἐπὶ
728 1039 784 1124 τὴν
805 1041 912 1125 ἐφεξῆς
931 1040 1072 1122 κειμένην
1090 1035 1199 1124 ἐξοχὴν
1219 1036 1277 1119 τῆς
1298 1034 1348 1100 osi·

240 1147 295 1234 σὴς
315 1147 500 1232 χερσονήσου
522 1143 629 1212 στήθεα
652 1141 713 1231 μὴ,
745 1139 853 1206 στάδια
876 1137 937 1228 μὴ.
972 1135 1034 1203 α’πό
1067 1137 1099 1202 δέ
1127 1143 1182 1220 τὴς
1208 1137 1348 1219 δευτέρας
1411 1151 1412 1162 ’

241 1247 348 1332 ἐξοχής
374 1253 428 1331 τὴς
449 1243 634 1330 χερσονήσου
656 1245 699 1319 εἰς
719 1239 775 1324 τὴν
795 1242 906 1323 ἐφεξῆς
923 1239 973 1304 καὶ
995 1235 1220 1322 ὴρκτνκωτᾶτην
1243 1232 1349 1318 ἐξοχὴν

240 1352 296 1430 τὴς
324 1345 418 1428 αὐτῆς
444 1343 630 1430 χερσονήσου
657 1341 740 1409 osii.
764 1340 845 1429 ,αυνῖ
875 1338 955 1405 orici.
981 1362 1051 1426 ,αρν
1081 1333 1142 1402 del
1167 1337 1199 1400 δέ
1219 1342 1278 1419 τῆς
1299 1333 1349 1418 α’ρ-

239 1444 425 1528 κτικοτᾶτης
446 1447 550 1528 ἐξοχὴς
569 1451 624 1526 τῆς
649 1442 835 1528 χερσονήσου
864 1443 907 1516 εἰς
936 1439 992 1523 τὴν
1022 1435 1095 1522 μετὰ
1125 1433 1181 1517 τὴν
1210 1435 1347 1514 ἐπιστρο-
1413 1442 1414 1530 χ

240 1543 307 1630 φὴυ
327 1544 421 1629 αὐτῆς
441 1543 566 1629 πρώτην
586 1541 694 1626 ἐξοχὴν
715 1541 821 1609 στάδια
844 1541 897 1625 χν’,
927 1540 1033 1606 στάδια
1053 1539 1112 1621 φή.
1142 1533 1204 1601 iol
1237 1535 1349 1614 hirris

241 1643 315 1730 oei
334 1642 600 1729 τὴνιέποστροφὴν
619 1643 712 1725 αὐτῆς
740 1642 862 1725 πρώτης
890 1643 994 1724 ἐξοχὴς
1016 1643 1059 1716 εἰς
1081 1637 1149 1724 (85)
1166 1631 1348 1702 introitioni-
1414 1678 1415 1752 η

241 1751 356 1812 τατονὸ
381 1745 474 1827 αὐτῆς
495 1743 601 1810 στάδια
619 1742 687 1824 Ιψκ’,
710 1741 816 1807 στάδια
836 1740 896 1822 (ρκ’.
918 1738 980 1806 einh
1002 1739 1035 1805 δὲ
1054 1745 1110 1804 τοῦ
1131 1730 1350 1802 οἲνασολικοοτᾶ-
1414 1761 1415 1768 ¹

242 1869 297 1911 sev
317 1841 412 1926 αὐτῆς
432 1842 640 1927 χερσονήσου*
668 1842 720 1908 ἐπὶ
740 1840 797 1924 τὴν
824 1837 885 1908 lei
916 1839 972 1924 τὴν
998 1835 1108 1922 ἐξοχὴν
1129 1836 1222 1920 αὐτῆς
1244 1837 1352 1918 ἐφεξὴς

242 2029 315 2068 vero
341 2010 423 2068 Albis
452 2007 536 2066 fluvii
561 2009 599 2066 ad
624 2003 799 2086 ipsasmet
823 2010 917 2068 stadia
942 2009 1007 2068 750.
1047 2008 1119 2066 Post
1138 2005 1227 2066 Albin
1256 2013 1350 2062 antem

244 2084 364 2144 flurium
396 2086 528 2161 sequitur
557 2084 758 2144 Chersonesus
792 2088 918 2145 maxima
944 2083 1089 2142 Cimbrica
1114 2084 1273 2164 appellata.
1312 2083 1351 2138 Ae

242 2161 279 2220 ah
305 2161 391 2218 ostiis
409 2161 492 2220 Albis
518 2159 601 2218 fluvii
626 2161 663 2219 ad
688 2164 811 2239 primam
836 2164 1039 2226 extensionem
1060 2158 1253 2230 Chersonesi,
1281 2175 1351 2233 qnae
1416 2152 1417 2240 ὴ

243 2245 312 2314 post
330 2234 567 2302 Alainafluvium
593 2246 656 2309 est,
685 2237 781 2296 stadie
806 2238 968 2310 mutilo,
994 2237 1090 2294 stadie
1108 2237 1174 2292 400.
1213 2235 1240 2292 A
1261 2235 1352 2308 prima

243 2321 342 2370 entem
362 2315 534 2370 extensione
553 2311 728 2372 Chersonesi
747 2314 784 2371 ad
803 2315 936 2390 proxime
956 2311 1180 2388 subsequentem
1200 2311 1352 2366 extensio·

243 2407 311 2447 uem
334 2389 467 2446 eiusdem
493 2387 668 2447 Chersonesi
695 2390 791 2448 stadia
819 2392 910 2461 1000,
941 2387 1035 2445 stadia
1057 2389 1139 2444 1100.
1178 2384 1353 2443 Aseeunda

243 2483 315 2521 vero
341 2466 512 2522 extensione
533 2463 710 2522 Chersonesi
732 2464 768 2522 ad
795 2483 858 2522 earn
885 2483 959 2540 quae
986 2463 1121 2536 deinceps
1144 2463 1301 2536 sequitur,
1326 2469 1353 2516 et

135 2589 138 2596 .
242 2541 370 2598 maxima
389 2542 629 2614 septentrionalis
650 2550 695 2597 est
722 2543 857 2599 extensio
885 2538 1014 2596 eiusdem
1035 2535 1226 2608 Chersonesi,
1258 2536 1353 2593 stedia

243 2616 338 2685 1450,
368 2615 463 2671 stadia
491 2616 572 2676 1150.
618 2616 662 2671 Ah
694 2619 865 2672 extensione
900 2627 997 2670 autern
1024 2613 1197 2671 Chersonesi
1224 2615 1351 2669 maxime

243 2704 275 2745 se
296 2690 467 2746 tentrionali
487 2689 524 2746 ad
543 2690 665 2769 primam
685 2700 752 2765 post
770 2689 927 2747 flexionem
947 2693 1009 2746 eius
1036 2689 1237 2746 extensionem
1257 2688 1352 2745 stadia

242 2765 315 2835 60,
343 2765 438 2821 stadia
465 2764 528 2821 550.
570 2766 593 2822 A
620 2768 713 2840 prima
739 2787 809 2824 vero
830 2767 1003 2822 extensione
1023 2776 1089 2840 post
1108 2763 1267 2820 flexionem
1293 2767 1352 2821 eius

243 2838 281 2896 ad
305 2849 418 2916 partem
445 2841 507 2896 eius
532 2843 657 2898 maxime
684 2843 856 2899 orientalem
885 2841 979 2898 stadia
1004 2843 1077 2912 720,
1105 2839 1199 2896 stadia
1218 2840 1288 2898 520.
1329 2841 1352 2896 A

241 2924 327 2992 parte
352 2935 423 2973 vero
449 2916 536 2974 istius
560 2915 737 2975 Chersonesi
766 2919 893 2975 maxime
921 2918 1057 2974 orientali
1083 2914 1121 2972 ad
1147 2917 1353 2993 extensionem

241 2991 367 3068 primam
386 3000 452 3066 post
472 3009 536 3050 eam
555 2994 759 3051 extensionem
778 2993 978 3064 studiosam,
998 2991 1094 3049 stadia
1115 2990 1197 3048 1500.
1237 2991 1283 3050 Ab
1305 3011 1353 3049 ex-

243 3169 307 3218 erat
332 3167 512 3220 antem-illis
539 3167 639 3220 diebus
662 3167 779 3220 Saxoni·
815 3167 942 3221 Saxones
966 3175 1033 3220 sunt
1054 3169 1224 3220 Ambronnm
1253 3168 1284 3219 id
1313 3175 1353 3221 est

243 3231 296 3286 hus
314 3249 481 3303 magnorum
499 3236 679 3290 cultellorum
703 3253 779 3301 usus,
813 3238 1005 3289 Aldsaxonum
1023 3236 1092 3299 lilii,
1115 3253 1142 3290 ν.
1161 3236 1292 3289 Neanius
1310 3253 1354 3306 ap.

176 3305 177 3308 ’
242 3302 345 3372 quibus
372 3319 461 3372 usque
487 3303 573 3357 hodie
598 3305 681 3376 Angli
702 3307 732 3370 (i.
755 3321 778 3360 e.
815 3305 885 3358 Gale
906 3308 927 3368 1,
948 3305 1086 3359 115110.

241 3369 499 3439 Angla-Saxones)
522 3381 654 3438 utuntur,
675 3389 780 3427 nrorern
845 3372 876 3436 3)
902 3373 1013 3426 Primus
1031 3373 1255 3425 Chersonessum
1279 3376 1351 3425 cim·

242 3439 485 3560 tsllltstlh‘
502 3443 781 3563 2⁰⁰‘³¹'‘i⁸··r⁰¹¹¹'
813 3442 921 3564 seqq
940 3439 1351 3565 “illlii'lt“leli

457 3526 484 3560 ns
527 3526 654 3563 asos
704 3528 780 3563 scon·
836 3549 841 3560 .
997 3526 1198 3565 o.1s.a.
1268 3553 1275 3568 .
1346 3529 1352 3561 :

243 3583 300 3630 tur.
318 3591 346 3645 p.
365 3578 396 3629 5:
415 3528 552 3630 hahehtes
570 3580 604 3631 ad
623 3595 706 3633 renes
721 3579 779 3632 ool·
813 3525 1034 3647 gromontoriom
1054 3577 1230 3630 cimbrorum
1254 3595 1352 3634 excor-

243 3645 330 3698 tellos
343 3660 468 3714 magnos.
488 3647 589 3700 Nirnerl
607 3662 780 3711 emesam,
814 3662 879 3699 rens
896 3650 924 3699 in
950 3649 1040 3699 maria
1063 3647 1149 3714 longe
1174 3649 1351 3714 peninsulam

244 3713 353 3776 idest,
377 3714 507 3767 cultellos
525 3723 636 3768 vestros
654 3717 690 3767 de
708 3718 780 3768 sico·
814 3716 909 3778 efficit,
931 3731 1003 3783 quae
1023 3717 1115 3766 Castis
1132 3716 1304 3783 appellatur.
1325 3735 1350 3773 s.

244 3781 327 3833 nibus
351 3783 451 3834 vestris
478 3783 620 3836 deducite.
653 3784 780 3836 Nennius
815 3799 927 3852 quoque
945 3786 1040 3836 Taciti
1059 3784 1210 3836 Germ.3'i.
1231 3788 1351 3842 Ptolem.

246 3865 273 3906 r.
289 3850 332 3902 18.
354 3851 486 3903 Fortasse
507 3851 534 3902 hi
554 3852 659 3904 cultelli
678 3868 694 3905 e
711 3868 780 3905 saxo
814 3854 851 3906 11.
872 3856 913 3904 11.
930 3852 1103 3922 Agathemer
1120 3853 1157 3906 ll.
1175 3853 1202 3906 4.

245 3917 315 3968 laeti
340 3925 432 3973 erant.
459 3920 542 3974 coni.
568 3921 713 3973 Zeussii
747 3921 780 3973 li·
848 3916 1006 3991 1)”Αλβιον
1031 3917 1154 3974 lloeseh.
1173 3922 1353 3978 Hedecosl.

245 3985 325 4037 hrum
347 4003 431 4055 supra
454 3989 598 4042 laudatura
624 4005 653 4058 ρ.
672 3990 721 4041 150
738 4005 780 4058 sq.
814 3989 906 4043 Paris.
920 3985 1018 4060 Ἀλβιν
1034 3989 1141 4044 Miller.

245 4053 297 4107 380
314 4071 373 4124 sqq.
399 4055 517 4126 Ehtrop.
542 4057 592 4111 lX.
611 4059 653 4110 15.
677 4055 781 4111 iuliani
849 4059 876 4124 5)
894 4057 974 4128 Lego
993 4057 1032 4121 εἰς
1047 4053 1081 4112 τό
1096 4051 1355 4115 dementissimos.

246 4137 310 4192 opp.
335 4139 361 4194 ρ.
381 4123 424 4176 31.
452 4125 494 4178 50.
522 4123 650 4178 Saxones
676 4134 781 4180 nautae
800 4125 937 4192 ,Hede-

247 4196 345 4254 erent‚
372 4209 399 4244 v.
426 4190 522 4248 Sidon.
548 4195 670 4264 apollin.
696 4209 779 4250 cerm.
849 4195 876 4261 0)
895 4189 1353 4264 αὕτῆςνῆςΧερσονήσουΜίΙΙεε,

248 4258 311 4313 Vll.
336 4261 380 4314 88.
404 4258 557 4315 3011300.ι
583 4279 628 4331 ep.
655 4263 731 4318 vlsr.
754 4263 779 4319 0.
807 4265 864 4318 ’1οο
883 4265 933 4334 τῆς
949 4265 1133 4320 reiieiensluns
1150 4261 1352 4318 essevidetor.

1239 4363 1251 4394 Ι
