2872 4814
352 392 439 450 rur
466 365 686 452 ΜΕΓΑΛΗΣ
713 393 959 454 ortanum.
1069 390 1071 394 ·
1146 357 1209 458 err

99 579 175 642 trud.
198 573 249 639 ον.’
296 571 368 638 ’siud
399 569 780 657 Ropprllmle'iooiv1
808 577 888 639 died.
912 575 966 638 σιί.
1009 573 1082 640 'Arm
1111 574 1209 641 Ἰασοῦ

98 675 140 740 ἐπ’
161 673 353 759 ἀκρωτήριον
375 673 540 740 Ποσείδιον
561 675 642 739 orod.
666 669 718 755 pus
749 670 821 740 'Arri
844 675 943 740 Ἰασοῦ
964 675 1014 740 ἐπὶ
1035 670 1092 758 τὴν
1111 673 1207 758 Ἀιιρί-

98 785 170 858 τηνῖ
195 778 276 840 orat.
300 772 359 857 op!
389 777 517 839 οἰκεῖται
546 775 699 838 κατέναντι
725 775 872 842 Himera
900 775 981 862 πηγὴ
1012 778 1055 854 εἰς
1077 773 1207 840 &ruendo

98 944 238 1022 Bargyliis
257 943 293 1001 ed
315 941 401 1000 loson
421 943 516 999 stedia
528 943 601 998 uio.
623 942 739 1000 Ablaso
759 943 796 1000 od
815 945 1050 1020 promontorium
1059 941 1208 1002 Posidium

97 1021 185 1078 stedia
196 1021 257 1076 120.
279 1019 323 1076 Ab
342 1015 405 1076 leso
419 1019 454 1076 ed
463 1020 584 1076 Acriten
597 1019 763 1076 stedie24ll.
782 1019 944 1076 incoliture
957 1020 1076 1098 regione
1089 1019 1208 1078 Passala

96 1200 232 1266 scripture
251 1199 334 1266 λίμνη
352 1213 403 1265 pro
420 1213 486 1250 vem
506 1195 634 1249 babendo
667 1194 747 1261 σέων,
774 1198 931 1250 stabilitur.
981 1199 1078 1250 Insula
1092 1204 1207 1258 entem,

96 1271 144 1324 est
184 1267 256 1319 Nam
292 1272 391 1334 portus
423 1265 642 1332 Curyendensis·
667 1273 698 1316 ut
718 1267 940 1334 verisimilem,
969 1268 1112 1318 alluvione
1131 1267 1208 1318 Mee-

95 1342 182 1402 potest
202 1337 283 1404 palus
299 1335 406 1396 fuisse,
433 1351 503 1403 quus
533 1349 631 1401 peren·
666 1335 756 1386 andro
775 1351 855 1387 amne
875 1333 1044 1399 lacta,nuno
1061 1349 1121 1386 cum
1141 1349 1206 1386 oon·

95 1410 173 1472 gusto
193 1419 243 1458 ore
262 1405 290 1454 in
308 1419 386 1456 mare
404 1419 433 1454 se
453 1403 630 1463 infundebat,
664 1403 775 1454 tinente
800 1405 951 1456 coniuncte
976 1411 1028 1456 ost,
1066 1407 1096 1456 ln
1123 1405 1206 1455 vesti·

94 1475 180 1525 itaut
197 1483 257 1526 tum
275 1473 357 1538 polus
377 1479 435 1540 tum
461 1479 563 1540 portus
590 1472 631 1522 di·
664 1473 720 1540 giis
743 1474 848 1523 veteris
871 1474 948 1524 orbis
978 1474 1054 1524 ricus
1081 1474 1206 1524 tureieur

94 1547 209 1595 seretur.
261 1541 422 1592 Meneni-am
457 1536 497 1593 ον’
528 1539 629 1592 falsum
664 1545 706 1592 As
715 1557 760 1605 yn
781 1539 873 1594 Kale
900 1541 1033 1592 conditus
1060 1548 1111 1594 est.
1139 1541 1205 1592 xNu·

94 1627 158 1671 esse,
176 1611 295 1672 vixest,
317 1610 390 1677 quod
414 1609 612 1677 significemus.
664 1624 759 1660 merus
806 1606 845 1662 ον’
887 1608 962 1660 baud
998 1609 1084 1662 dubie
1123 1611 1206 1661 nimis

123 1680 148 1742 2)
167 1681 236 1730 Cum
262 1693 353 1746 neque
371 1679 497 1744 scriptor
521 1686 628 1729 certum
665 1693 783 1745 magnus
808 1684 852 1728 est
879 1679 1014 1745 nobisque
1040 1677 1154 1730 videtur
1181 1680 1205 1728 is

93 1748 218 1800 ordinem
237 1748 365 1798 locorum
383 1753 497 1798 secutus
522 1747 561 1796 sit
579 1761 630 1797 nec
664 1747 855 1797 restituendus
877 1762 954 1808 esse,
979 1747 1142 1814 quistatim
1161 1761 1204 1798 so·

93 1832 235 1868 mensurae
268 1812 424 1883 apographi
458 1829 510 1881 pro
542 1814 629 1866 rectis
665 1815 770 1882 quitur,
789 1829 955 1882 quamquem
972 1813 1095 1866 fortasse
1119 1815 1205 1866 inter·

92 1884 184 1937 baberi
205 1887 328 1952 possint,
350 1883 465 1935 dillicile
484 1883 561 1935 dietu
576 1887 629 1945 est,
665 1883 771 1934 sallum
791 1884 976 1934 inter'lasum
999 1882 1205 1950 Posideumque

92 1953 197 2006 idemne
225 1955 448 2024 promontorium
472 1951 628 2014 Posidium,
664 1953 754 2003 ineius
773 1953 861 2004 etiem
886 1960 931 2004 est
954 1967 1038 2019 quem
1062 1951 1136 2020 quod
1161 1959 1204 2004 est
1258 1955 1265 1962 “

93 2023 166 2074 cuius
188 2030 246 2073 tum
271 2023 378 2074 mentio
398 2021 444 2083 lit,
462 2021 626 2088 intelligen·
664 2023 739 2072 inter
757 2020 897 2090 Bargylia
918 2027 947 2073 et
966 2023 1068 2073 lasum.

92 2091 153 2142 dum
167 2093 344 2152 sit;eonstet
360 2089 626 2141 eninraPeseidone
695 2092 722 2150 2)
742 2090 797 2141 His
815 2092 910 2142 verbis
933 2089 1080 2156 praeclare
1106 2090 1205 2140 confir-

93 2161 176 2214 multe
190 2159 385 2226 promontoria
397 2174 459 2210 esse
474 2158 626 2225 appellate,
660 2163 770 2219 matur,
789 2158 863 2226 qnod
892 2159 965 2224 apud
984 2156 1204 2226 Agetbemerunr

92 2243 256 2297 quemquam
278 2229 306 2277 in
333 2225 385 2278 bae
403 2229 539 2279 asiaticae
555 2241 623 2278 orae
661 2231 722 2286 est,
746 2227 803 2280 vol.
833 2228 868 2284 ΙΙ.
893 2226 936 2279 od.
969 2227 1118 2278 Hndson.:
1145 2220 1205 2278 ’Etr’

58 2347 60 2360 ,
92 2305 175 2363 perte,
193 2298 269 2348 eirca
287 2311 368 2364 quem
395 2294 449 2347 boe
466 2296 530 2346 loeo
556 2295 625 2346 seri·
660 2290 779 2362 Ἀκρὶτην
809 2296 895 2362 νῆσον
928 2291 1032 2347 στάδιοι
1056 2291 1104 2347 ol'.
1142 2297 1203 2356 Quo

90 2373 151 2431 ptor
168 2369 429 2431 versatur‚pr·ueter
449 2364 532 2426 illud,
551 2363 625 2431 quod
660 2361 730 2414 baec
743 2362 855 2415 addidit
871 2362 1046 2414 Gronovius:
1073 2364 1137 2413 Ηοο
1159 2378 1206 2413 no·

90 2435 226 2496 diximus,
251 2432 328 2484 aliud
354 2433 483 2484 novimus
507 2431 625 2493 nullum,
662 2435 788 2482 minoen
814 2431 904 2483 fuerit
930 2429 1060 2498 [insula],
1087 2429 1205 2481 videant

91 2504 140 2584 nisi
159 2501 234 2582 quod
254 2507 298 2554 est
317 2501 388 2566 apud
410 2501 533 2582 Senum,
551 2517 568 2552 e
585 2516 627 2550 re·
663 2498 731 2574 olii.⁸
758 2501 790 2550 In
810 2499 871 2580 illd.
897 2499 954 2551 ridi
979 2493 1126 2566 ’duplices‘
1144 2499 1203 2550 ista
1262 2497 1265 2505 '

89 2567 628 2692 tl“tlt{libidinibns
662 2567 995 2702 tristitiem
1015 2582 1203 2704 tillieto

90 2715 131 2760 tus
147 2706 318 2773 explicanda
335 2713 395 2768 eet,
416 2707 509 2772 posito
526 2709 555 2756 in
578 2705 627 2756 ed·
662 2711 780 2757 auctore
804 2721 822 2756 e
846 2703 976 2756 Dreosno
996 2703 1071 2756 Coae
1093 2704 1203 2755 insulae

91 2777 150 2828 dito
174 2774 222 2832 nul
246 2769 412 2842 ’Άγιιιονοον
457 2777 626 2840 corruptum
661 2774 858 2840 promontorio
881 2774 916 2824 ed
939 2773 1056 2825 beriton
1081 2772 1203 2823 insulan

90 2847 113 2896 si
130 2843 199 2896 nibil
218 2861 234 2896 u
254 2843 378 2898 librario*
392 2847 444 2903 est,
461 2847 511 2894 eut
531 2841 627 2892 existi·
662 2841 782 2908 triginta
793 2845 901 2891 suntet
916 2840 1038 2892 ducenta
1051 2839 1203 2903 stedia,et·

91 2914 217 2964 mendum
240 2917 298 2979 est,
318 2912 373 2963 duo
393 2909 480 2962 luisse
499 2923 626 2980 promon-
663 2923 717 2976 que
735 2909 770 2960 ab
792 2905 845 2958 bac
863 2909 958 2959 insula
976 2907 1010 2958 ad
1029 2909 1142 2959 Corsiae
1160 2925 1204 2958 us-

91 2984 171 3044 toris,
198 2980 351 3032 admodum
376 2979 432 3030 sibi
458 2979 627 3047 propinque,
662 2992 716 3044 que
734 2976 863 3038 totidem,
891 2993 909 3027 a
927 2976 1089 3047 quibusod
1108 2978 1206 3042 Ampe·

91 3058 145 3113 aut,
164 3050 241 3118 quod
261 3046 436 3116 probabilius
459 3047 541 3098 nobis
566 3048 627 3114 qui·
663 3046 711 3096 lon
729 3045 807 3098 Semi
824 3046 953 3112 triginta.
990 3046 1033 3098 lix
1050 3043 1094 3096 bis
1119 3047 1204 3096 inter·

92 3120 150 3172 dem
168 3119 298 3180 videtur,
323 3117 550 3182 promontorium
575 3115 627 3168 Po·
661 3114 745 3192 vellis
759 3112 985 3167 concludendum
1011 3121 1068 3177 est,
1092 3113 1205 3165 Acriten

92 3189 191 3240 sidium
207 3183 453 3246 eornubabuisso‚
474 3183 547 3253 quod
564 3198 627 3251 pro·
662 3183 721 3236 iere
745 3184 867 3234 medinm
891 3184 968 3250 inter
992 3183 1050 3234 Con
1078 3191 1109 3233 et
1138 3185 1204 3234 Gor·

92 3264 151 3323 pter
168 3254 400 3317 similitudinem,
424 3269 510 3320 quum
532 3253 629 3304 uncini
662 3253 719 3302 sies
736 3250 933 3316 sisimbrium,
951 3257 1126 3316 quapropter
1147 3251 1204 3301 exi-

94 3325 222 3386 beberet,
240 3327 388 3391 putassent
404 3317 562 3390 ’Ἆγιιοτρον
579 3337 627 3388 ep·
661 3320 823 3381 otimemus,
843 3318 1105 3383 supruPenorrnum
1127 3334 1141 3368 e
1160 3335 1202 3370 re·
1259 3345 1262 3356 ·

95 3393 249 3460 pellendum
266 3407 337 3444 osse.
357 3391 432 3442 desi
446 3390 628 3442 Milesiorum
662 3390 747 3456 gione
774 3402 842 3438 orae
868 3387 1047 3438 Milesiorum
1072 3385 1225 3449 iacuisse,v

95 3460 308 3528 promontorium
332 3458 550 3578 intellipendum
574 3464 627 3524 est,
662 3471 780 3524 eumue
813 3471 886 3506 nune
917 3455 953 3506 sd
986 3453 1135 3505 meridiem
1167 3456 1202 3507 ab

94 3531 120 3582 ld
146 3529 275 3597 prolecto
305 3529 401 3597 plures
449 3527 515 3580 ubet
545 3525 743 3594 quasi-ostiis
769 3524 917 3576 Maeandri
944 3522 1026 3592 quasi
1056 3521 1203 3589 peninsula

94 3598 216 3668 linguas,
243 3605 275 3650 ut
293 3613 389 3652 earum
408 3598 529 3648 maximo
547 3603 626 3660 potu·
663 3596 701 3645 sit
731 3607 849 3661 eumque
887 3595 1010 3645 sciamus
1048 3591 1203 3642 allusiones

95 3670 145 3720 erit
164 3686 180 3720 a
198 3667 289 3718 forme
312 3681 364 3717 sua
389 3665 528 3733 appellari
544 3661 627 3732 ’itpw
662 3664 692 3714 in
716 3663 772 3714 ista
797 3663 915 3730 regione
933 3660 1087 3714 Maeandro
1121 3675 1202 3711 amne

96 3751 180 3805 ονιον.
226 3737 299 3790 'sum
323 3747 392 3787 vero
418 3748 470 3801 pro
496 3729 535 3787 ον’
559 3735 628 3786 seri·
662 3732 799 3784 iunximus
816 3747 878 3784 esse
896 3731 1003 3792 laetas,
1029 3729 1131 3796 quibus
1155 3731 1203 3780 iis-

95 3805 278 3858 bendumesse
291 3799 627 3872 p‘‚iamsignifioevimus.
663 3801 727 3853 dem
753 3802 840 3854 etiem
855 3801 936 3852 Lede
961 3797 1055 3851 insule
1075 3811 1150 3848 nune
1172 3799 1202 3849 in

128 3877 155 3940 l)
171 3875 254 3926 Hane
270 3874 368 3926 urbem
384 3870 487 3924 Strabo
507 3871 578 3923 dicit
599 3872 628 3922 in
662 3871 825 3921 continente
842 3872 900 3920 site
917 3875 977 3930 est,
1004 3881 1121 3934 eumque
1139 3872 1204 3933 post

95 3942 181 3996 insule
196 3942 356 3994 continenti
370 3940 529 4008 propinque
542 3941 632 3992 sitem
663 3939 774 3990 dicetur
790 3937 826 3989 ab
845 3952 879 3990 eo
904 3935 984 3988 ionte
1007 3950 1096 4002 usqne
1121 3936 1203 3987 Mile-

96 4026 152 4063 esse
170 4011 329 4078 habereque
356 4016 476 4076 portum.
512 4005 629 4076 Stepba·
664 4013 724 4059 tum
740 4033 775 4046 -—
793 4021 856 4058 nem
871 4007 913 4056 its
930 3999 1119 4071 proMotolop
1136 4006 1203 4066 scri,-

95 4093 143 4132 oes
169 4081 270 4140 sunit,
305 4079 426 4132 insulem
463 4092 518 4146 quo
563 4078 631 4128 urbs
663 4076 788 4128 bendum
807 4072 957 4126 esseinlre
974 4073 1203 4126 dicetur-ste-

96 4147 149 4201 dioi
173 4149 302 4211 nomine,
320 4148 371 4199 sed
388 4147 415 4200 is
438 4146 499 4214 ipre
522 4139 633 4200 Ἰαοοόν
666 4145 715 4196 die
732 4159 794 4197 esse
811 4143 920 4210 viginti,
938 4141 1009 4196 haee
1027 4141 1123 4193 omnia
1140 4157 1202 4192 cum

13 4253 14 4256 η
96 4218 205 4284 rutilum
241 4218 337 4270 sltem
366 4223 461 4270 temen
493 4215 635 4280 seriptum
667 4215 710 4273 ite
727 4215 800 4277 sint,
821 4218 967 4280 putemus,
995 4211 1115 4263 Acriten
1139 4209 1203 4260 insu

13 4307 14 4314 ι
97 4301 192 4355 ιιιιιιιο,
211 4288 258 4355 qui
278 4291 385 4352 restat,
403 4287 431 4336 in
450 4285 568 4352 quo'est
585 4277 633 4336 Ἰα-
669 4283 725 4337 lem
754 4281 882 4351 paullum
910 4279 985 4332 inira
1011 4278 1146 4332 Miletum
1173 4278 1202 4328 ie
1272 4319 1274 4324 .
