2872 4814
334 317 427 378 ΤΗΣ·
446 316 667 376 marram:
693 312 936 376 οΛΛΑΣιιιΣ.
1125 317 1187 378 eea

79 501 146 566 ὅταν
182 500 214 566 it
250 500 370 586 ἔγγίσρς
389 507 433 586 epi
458 501 570 584 νηοίῳ,
598 495 656 581 τὴν
681 503 740 583 γῆν
767 462 978 588 θλίβεῖδεξίριῒ
1000 499 1080 564 orel.
1108 497 1187 584 pua'.

76 600 146 668 Ἀπὸ
168 603 350 684 Νοομηνίον
372 602 416 676 εἰς
433 603 660 680 ΠοιλοίιιοιςοονΙ
687 599 767 662 evei.
791 598 859 681 ρκε.’
882 596 956 664 Ἀπό
982 597 1190 681 Πολοιπᾶφοο

80 707 118 780 εἰς
141 704 268 788 Τρίτοος
281 709 312 743 ²·
335 698 528 785 ἀκρωτήριόν
545 699 621 792 loeo·
638 699 718 761 οταό.
734 695 769 759 ν.’
790 695 864 762 Ἀπό
880 703 936 763 τοῦ
952 705 1131 785 Κυριιοιοῦ3
1149 703 1192 780 εἰς

83 871 176 929 ΙιιιιιΙο
196 879 252 940 eet,
271 885 344 943 quae
364 865 453 925 hebet
478 867 598 926 fontem.
645 863 804 940 Navigutio
830 829 875 921 eet
899 865 1005 925 brevia.
1044 867 1117 925 Cum
1144 889 1194 927 ou-

81 959 135 1004 tem
154 945 395 1021 adpropinquans
409 946 540 1015 insulae,
559 940 696 1001 adextre
715 958 813 1014 preme
841 951 958 1000 terrum.
998 941 1100 1003 Stadia
1126 957 1195 1004 eunt

83 1023 141 1080 125.
181 1022 206 1080 Α
230 1029 332 1078 vetere
352 1018 452 1098 Papho
479 1019 516 1076 od
543 1019 634 1077 Treta
659 1015 753 1073 stadia
781 1016 826 1073 50.
872 1017 1108 1078 Promontoriunr
1140 1033 1194 1080 est.

85 1203 184 1270 capiam
208 1199 333 1268 intelligi
356 1200 493 1260 insulam,
519 1204 618 1250 mittet·
654 1210 762 1246 meeum
798 1195 854 1248 duo
891 1201 1084 1262 promontorio
1122 1206 1197 1262 eunt,

83 1272 104 1320 ei
126 1271 154 1322 in
178 1271 242 1322 eius
263 1275 331 1320 eunt
348 1269 407 1324 eitu
420 1267 504 1332 falsie
533 1269 621 1318 etiam
646 1260 797 1332 Φρούριον
814 1270 843 1316 et
865 1263 1030 1333 Δρέπανον;
1049 1267 1150 1320 Strabo
1170 1276 1199 1322 et

83 1337 183 1401 clides,
202 1339 238 1388 ad
257 1353 325 1404 quae
342 1353 431 1405 neque
454 1336 492 1394 ,ab
519 1336 622 1388 Hiero·
655 1335 713 1384 tria
744 1331 830 1385 habet
857 1337 1052 1401 promontoria
1081 1343 1110 1389 et
1134 1337 1199 1390 ulio

85 1409 159 1475 cepit
178 1407 400 1468 lineaeduount‚
419 1417 622 1473 nonpromon·
656 1404 752 1453 eorum
771 1403 895 1460 nomina.
940 1407 982 1456 lta
1009 1397 1083 1457 enirn
1107 1407 1201 1475 loqui·

85 1479 184 1528 terium
203 1476 285 1526 nobis
302 1476 450 1536 videntur,
474 1475 525 1526 aed
547 1475 622 1524 insu·
658 1477 720 1522 ture
744 1463 876 1553 Ἀρχὴὶὅ
902 1459 955 1525 οὖν
984 1475 1037 1526 τοῦ
1062 1475 1199 1543 inopinati

85 1546 123 1596 las
140 1542 328 1596 intellexisse.
365 1543 468 1596 Strabo
495 1544 520 1594 si
546 1550 630 1594 utro·
658 1536 796 1606 περίπλου
813 1557 847 1591 το
864 1536 999 1608 Κούριον,
1017 1545 1072 1596 τοῦ
1084 1542 1199 1614 βλέπον·
1227 1561 1229 1564 ·

87 1629 135 1681 que
149 1613 213 1664 loeo
229 1612 324 1680 putari
339 1619 435 1679 posset
448 1611 624 1664 intellexisse
659 1624 706 1668 τος
723 1603 795 1672 πρὸς
811 1602 924 1660 Ῥόδον·
955 1611 1003 1662 nol
1020 1606 1111 1674 ιιῖθιὶς
1126 1609 1201 1667 ἐστιν

86 1683 215 1742 insulam,
249 1687 325 1732 esset
361 1683 454 1747 priore
485 1682 550 1732 loeo
573 1679 626 1729 ’ita
659 1669 743 1742 ἄκροι,
762 1668 812 1742 ἀφ’
829 1666 864 1743 ἧς
878 1674 1027 1742 ῥίπτουσιν
1040 1676 1107 1743 τοὺς
1126 1678 1200 1749 elpo-

89 1749 279 1802 scribendum:
297 1742 399 1818 μικρὸν
423 1743 480 1802 α’πό
504 1749 551 1818 τῆς
577 1748 627 1815 γῆς
658 1740 821 1810 pirensem}
834 1745 931 1814 βωμοῦ
947 1749 1000 1798 τοῦ
1018 1741 1216 1813 Ἀπόλλωνος·Ἰ

88 1815 121 1885 ul,
142 1819 194 1871 eod
206 1833 269 1870 eum
284 1827 407 1886 utroque
422 1819 486 1870 loco
503 1818 625 1869 eundem
660 1807 721 1866 eleo
741 1808 837 1880 Τρήτα
854 1813 903 1866 καὶ
917 1812 1066 1886 Βοόσοοροι
1082 1817 1131 1872 καὶ
1144 1821 1203 1873 Ποι-

89 1887 176 1940 lueum
196 1883 375 1943 ‘intellexisse
398 1887 545 1948 rideatur,
572 1882 626 1936 hoo
661 1880 813 1948 λαίπαφος.
848 1881 912 1934 Non
930 1892 1025 1950 potest
1042 1892 1136 1938 autem
1155 1888 1204 1939 du·

90 1961 392 2018 constat,eumerrare.
408 1954 627 2008 Noe-antemnie
662 1950 738 2001 biom
759 1965 836 2012 esee,
854 1952 922 2018 quin
940 1953 1087 2008 Strabonis
1110 1952 1205 2026 Τρήια

90 2026 288 2090 existimemus,
307 2024 384 2076 illam
410 2039 525 2090 parvam
551 2025 631 2085 insu·v
662 2016 714 2069 hoc
738 2022 960 2084 promontorium
992 2025 1046 2088 sit,
1077 2025 1152 2094 quod
1176 2028 1206 2077 in

90 2093 155 2157 lam,
181 2109 254 2162 quae
273 2099 373 2146 eontra
397 2091 525 2160 Paphum
544 2095 628 2152 esset,
661 2087 766 2154 peripli
788 2089 953 2157 apographo
975 2093 1074 2159 Τρίτοι
1092 2095 1206 2146 dieitur.

92 2167 142 2228 (eat
172 2171 268 2214 autem
293 2163 332 2212 ibi
366 2162 459 2214 insula
481 2168 555 2214 teste
587 2166 628 2213 ta·
663 2157 725 2218 Quo
750 2157 835 2212 etiam
862 2173 943 2209 error·
964 2161 1108 2214 Mannerti
1133 2171 1206 2216 eete-

93 2231 153 2285 bula
171 2229 363 2292 Poeoelriana)
388 2231 503 2298 proprie
524 2230 629 2282 dictam
662 2238 812 2290 rerumque
832 2225 986 2295 detegitur,
1006 2232 1095 2282 Treta
1115 2234 1206 2283 solum

93 2315 149 2352 ense
192 2300 225 2351 N
236 2295 442 2366 νμήνιον
473 2301 575 2366 idque,
599 2303 631 2348 ut
664 2309 714 2362 pro
730 2293 1024 2360 oppido'habentium.
1044 2298 1129 2354 Nihil
1146 2317 1205 2353 aoe-

93 2369 169 2420 nobie
201 2368 315 2435 quidem
348 2368 477 2430 videtur,
515 2375 631 2434 propter
664 2363 728 2430 pius
745 2362 915 2432 factumest,
934 2379 1013 2434 quam
1028 2368 1206 2439 uiliteraep

93 2438 208 2490 formam
231 2437 399 2502 rotundam3
431 2437 481 2489 sed
514 2451 576 2488 eom
602 2436 631 2486 in
666 2435 1208 2500 etepropterquandamsimilitudinem

94 2511 223 2566 enasset
255 2504 353 2560 hortus
397 2506 515 2560 Veneris
553 2517 633 2556 sacer
666 2501 907 2568 pronuntiationis
938 2505 1013 2556 inter
1039 2522 1069 2558 ee
1090 2517 1211 2560 'commu-

95 2582 165 2640 (nam
183 2573 255 2628 haec
274 2576 327 2628 dea
345 2581 421 2628 certe
439 2575 562 2643 intelligi
585 2573 633 2624 de·
667 2576 805 2632 tarentur,
823 2579 855 2626 ut
870 2569 1032 2642 ’Τελμησσός
1049 2582 1077 2627 et
1097 2580 1209 2646 Τελμισ-

94 2646 149 2706 bet)
168 2644 247 2696 dieta
264 2653 308 2696 est
327 2646 412 2710 νῆσος
428 2644 474 2696 vel
492 2641 635 2712 ὶερονηπὶς
669 2633 725 2702 σὰς,
744 2640 866 2707 &aeolio
882 2648 911 2692 et
930 2643 1046 2705 Φασιλὶς
1064 2647 1161 2712 (etiam
1178 2649 1209 2700 in
1230 2673 1235 2680 ·

94 2713 313 2782 velleponpoln,
335 2721 368 2764 ut
389 2715 431 2770 ita
456 2713 564 2776 dicam,
591 2727 634 2762 ea·
669 2707 832 2776 apographo
852 2711 967 2773 Φασιλὶς
984 2715 1119 2780 scriptum
1139 2722 1210 2780 erat,

94 2781 416 2850 orohortenaietheilige
433 2779 635 2844 (tartenineel).
668 2777 719 2830 aed
737 2778 819 2828 nobis
843 2781 942 2830 invitis
971 2781 1006 2832 ab
1037 2782 1093 2834 alio
1119 2799 1210 2838 eorre-

95 2851 123 2902 si
139 2859 233 2902 tamen
251 2851 386 2903 Straboni
404 2853 433 2901 in
452 2867 486 2902 eo
502 2851 574 2902 tideo
587 2847 634 2901 ha·
670 2854 745 2898 etum
766 2851 809 2896 est
833 2847 973 2916 Φασηλὶς.)
1009 2848 1065 2902 Sed
1089 2852 1214 2908 fortasse

95 2920 186 2971 lenda
201 2926 284 2986 esset,
298 2914 529 2988 οὴνἹεροιιηπίδοι
541 2919 636 2974 locum
673 2911 768 2984 Τρήτα
786 2921 865 2967 reeta
884 2915 976 2971 forma
1000 2926 1044 2972 eat
1059 2921 1148 2990 idque
1158 2940 1213 2976 no-

97 2987 183 3045 fuisse
199 2989 230 3039 in
250 2991 411 3041 continente
426 2989 513 3056 Cypri
530 2997 560 3040 et
577 2987 636 3039 for·
670 2999 734 3044 rnen
752 3000 769 3035 a
786 2983 890 3058 τιτροὶοο
909 2987 1082 3052 ducendum,
1102 2997 1134 3043 ut
1153 3009 1214 3061 pro-

97 3062 169 3108 taeee
194 3071 266 3123 pene
295 3058 325 3109 in
356 3063 482 3110 extremo
516 3057 636 3125 quodam
670 3054 842 3106 montorium
861 3052 983 3109 fortasse
1002 3059 1043 3110 ita
1062 3060 1215 3126 diceretur,

97 3125 303 3190 promontorio,
334 3132 432 3192 postet
467 3125 636 3186 existimari,
671 3122 747 3190 quod
772 3127 954 3176 tet-taxonum
987 3133 1064 3179 emet
1091 3131 1217 3196 plenum·

99 3194 217 3246 insulam
241 3194 458 3262 Hieroeepiaur,
490 3210 577 3263 prope
601 3197 638 3244 ei·
671 3206 725 3258 que
743 3187 910 3242 foraminum
929 3193 1045 3262 (portis).
1081 3195 1217 3252 'sumta-

99 3268 169 3326 tam‚
189 3263 225 3316 ab
245 3259 299 3314 hae
326 3265 477 3331 Hierooepi
504 3279 566 3316 esse
590 3278 637 3330 ap·
652 3288 654 3294 ·
672 3274 736 3311 men
754 3265 888 3311 eruentur
905 3263 934 3311 in
953 3261 1055 3313 ultima
1069 3268 1217 3332 ponendus

99 3331 238 3398 pellatam,
257 3331 308 3384 sed
323 3330 390 3383 huie
402 3333 561 3385 sententiae
577 3347 639 3383 cunr
656 3353 659 3360 ν
675 3333 758 3380 esset.
777 3325 808 3378 Si
824 3340 1079 3383 veramensuraeet
1091 3350 1143 3387 nee
1153 3351 1216 3403 apa·

99 3401 231 3454 aliatum
250 3402 371 3452 maxime
397 3399 449 3452 hoe
471 3401 641 3470 refragatur,
674 3395 963 3465 tiumaPaluepapho
979 3415 1067 3468 usque
1082 3402 1218 3458 ad'rreta

100 3469 174 3536 qnod
194 3484 255 3521 eum
275 3463 293 3536 ἡ
315 3464 466 3538 Ἱεροκηπλς
489 3472 537 3522 vix
563 3470 642 3538 oppi·
675 3467 899 3533 promontorium
916 3470 1005 3519 meiu'u
1030 3485 1114 3537 quum
1138 3475 1217 3541 quin-

99 3539 162 3590 tium
180 3535 267 3590 fuerit
283 3537 332 3590 aad
357 3541 437 3590 loeus
461 3539 574 3606 quidam
599 3553 642 3590 aa·
677 3534 814 3604 quaginta
846 3535 1017 3598 stadiorum,
1049 3553 1112 3591 eum
1145 3545 1220 3596 inter
1259 3551 1264 3559 '

100 3620 160 3670 cer,
186 3621 276 3674 genua
301 3605 464 3658 femininum
483 3607 641 3674 supplendo
677 3611 826 3670 utrumque
846 3605 937 3656 locum
952 3607 1037 3658 etiam
1053 3608 1131 3660 aliud
1149 3609 1218 3663 iuis-

101 3676 187 3727 rerbo
206 3671 313 3736 πόλεως
329 3690 386 3727 uon
409 3674 496 3728 habet
521 3677 643 3746 explica·
676 3689 706 3724 se
727 3677 952 3738 promontorium
969 3677 1151 3730 statuendum
1172 3682 1220 3745 eit,

101 3744 224 3806 tionem,
243 3741 327 3795 habet
353 3744 512 3812 supplendo
549 3747 641 3815 νῆσος.
675 3739 839 3809 intelligere
856 3743 925 3794 lieet
943 3745 1140 3812 quammultis,
1158 3764 1220 3817 pro·

101 3812 235 3864 Mensura
253 3807 403 3880 polrenta
423 3813 548 3881 putando
566 3820 616 3866 eet.
677 3811 827 3862 montoriie
852 3812 940 3879 Cypri
967 3813 1055 3865 litora
1080 3831 1112 3866 ee
1138 3833 1220 3884 quam

135 3883 161 3939 1)
179 3881 223 3933 De
240 3880 420 3949 Palaepaplru
437 3880 508 3934 haee
525 3881 642 3934 Strabo:
675 3892 763 3947 prope
781 3880 904 3932 interae
924 3879 1095 3936 distantibus
1119 3884 1223 3938 instru-

102 3947 308 4018 Hetelnopoo‚
339 3942 407 4004 ὅσον
430 3946 461 4004 ἐν
485 3947 554 4005 δέκα
580 3967 643 4004 στοι-
678 3953 727 4002 eta
744 3949 817 4009 sint,
846 3956 878 3999 ut
908 3949 1003 4002 insula
1033 3965 1140 4006 summo
1158 3957 1222 4009 iure

104 4017 178 4080 δίοις
217 4012 290 4084 νπὲρ
323 4015 467 4088 θαλάττης
501 4016 644 4102 ἱδρυμένη,
679 4019 765 4070 etiam
787 4017 958 4069 cerastis
975 4018 1074 4085 idest
1088 4036 1222 4078 eomuum

103 4078 233 4155 r‘r'qroppov
250 4084 351 4156 ἔχονοα
364 4086 413 4142 ool
432 4083 509 4158 lepor
525 4091 645 4158 αρχοῖον
679 4086 763 4155 plena
783 4085 860 4138 dieto
884 4085 922 4136 eit

103 4156 152 4224 τῆς
168 4155 285 4224 Παφίοις
301 4149 478 4226 Ἀφροδίτης.
712 4155 739 4224 3)
760 4157 851 4219 Quam
868 4155 956 4206 multa
973 4157 1148 4228 exciderint,
1167 4174 1223 4212 non

139 4225 165 4281 2)
188 4223 259 4276 Post
296 4223 409 4280 Curium
446 4225 520 4294 apud
551 4225 644 4279 Ptole·
677 4225 837 4285 metuimus,
853 4222 905 4276 ned
922 4222 1032 4294 aliquid
1050 4235 1127 4282 certe
1145 4231 1223 4282 exei-
