2852 4816
767 391 808 446 Vl

233 555 298 660 gna
319 595 392 639 eum
413 572 583 659 diligentia
594 571 946 660 atqueArtemidoreus
963 574 1162 657 compositus
1177 583 1275 654 essct,
1291 570 1340 636 fa·

235 687 319 738 ctam
340 674 515 739 editionem
535 694 621 738 csse.
669 671 764 747 Quae
785 676 894 738 omnia
914 676 1029 738 iterum
1050 671 1222 756 diligenter
1243 682 1339 754 atque

236 772 398 838 uberrime
419 794 503 838 nunc
523 785 716 858 persecutus
739 792 821 835 sum.
867 770 962 847 Quod
984 792 1057 837 cum
1079 791 1221 856 agerem,
1243 771 1340 833 etiam

235 872 270 935 id
299 874 404 954 sensi,
430 895 481 937 me
511 895 585 938 cum
605 873 690 937 lrunc
710 869 836 952 locum,
858 875 913 957 qui
934 896 966 959 p.
990 877 1061 941 1⁰1.
1081 873 1173 935 uncis
1194 868 1338 933 inclusus

237 984 287 1038 est
317 977 428 1059 sicque
453 974 583 1059 incipit:
615 973 697 1058 Περί
717 971 753 1038 δὲ
772 974 830 1056 τῆς
849 973 1031 1057 διαφωνίας
1059 970 1103 1038 ui.
1133 973 1206 1034 exit
1233 982 1339 1035 auteur

234 1075 347 1158 plne.
366 1071 419 1138 his
440 1073 566 1138 verbis:
587 1074 653 1139 τῶν
674 1072 815 1138 σταδίων
835 1067 996 1153 εὑρόντες,
1017 1074 1064 1137 ita
1085 1085 1340 1156 transponerem,

236 1184 272 1236 ut
291 1175 458 1258 prooemio
478 1172 613 1238 alterius
633 1170 753 1257 peripli
774 1169 952 1236 Marcianei
979 1169 1057 1237 libri
1085 1171 1252 1248 adderem,
1275 1183 1359 1234 non'·

236 1292 348 1337 verum
359 1272 492 1341 vidisse.
513 1272 598 1339 Nam
614 1269 986 1356 eumintellexiprimum
997 1272 1130 1352 eoloco,
1153 1268 1209 1333 ubi
1223 1270 1342 1333 addeu-

235 1371 313 1436 dum
344 1393 549 1454 censueram,
572 1372 681 1438 locum
709 1369 828 1434 habere
858 1391 920 1434 non
947 1392 1058 1455 posse,
1086 1392 1159 1436 cum
1190 1381 1272 1454 quae
1294 1367 1340 1432 ibi
1411 1361 1412 1380 ¹

237 1471 326 1536 dicta
354 1491 375 1536 a
402 1471 571 1538 Marciano
599 1484 694 1550 sunt,
721 1491 779 1554 per
802 1489 838 1532 sa
860 1468 1010 1535 absoluta
1038 1474 1164 1536 sintae
1186 1469 1341 1555 perfecta,
1411 1543 1412 1552 ρ

236 1569 520 1638 deindeillelocus
535 1571 563 1636 si
573 1567 790 1658 qnoalioloco
804 1571 838 1633 in
855 1567 1041 1635 Marcieneo
1056 1551 1182 1657 perlplo
1196 1573 1340 1636 inseren·
1411 1565 1412 1582 ¹

235 1669 297 1733 dus
311 1683 409 1752 osset,
430 1669 769 1737 fortasseMarcienns
790 1687 854 1734 non
876 1668 956 1734 haec
977 1668 1077 1735 verba
1091 1671 1285 1737 addidisset:
1308 1669 1343 1738 ἐν

197 1791 205 1814 ²
235 1771 282 1854 τῷ
301 1770 447 1858 προτίρῳ
461 1771 587 1858 βιβλίῳ,
609 1771 646 1838 ἐν
666 1759 693 1856 ql
713 1765 774 1836 τὸν
793 1769 971 1854 περίπλουν
987 1771 1048 1836 τοῦ
1061 1768 1146 1860 ἑῴου
1167 1769 1289 1850 παντὸς
1302 1769 1340 1838 oi-

208 1926 212 1932 .
234 1869 365 1956 κεανου,
376 1873 559 1956 πεποίημαι.
591 1871 677 1935 Τιιοι
687 1870 791 1933 videri
805 1871 903 1933 etiam
919 1889 1055 1932 necesse
1070 1870 1184 1953 fuisse,
1206 1886 1242 1936 ut
1254 1873 1342 1937 Mar·

237 1970 443 2050 cianus,cnm
453 1969 599 2057 Menippi
608 1967 895 2054 stadinsmipaullo
909 1966 1005 2032 aliter
1024 1991 1060 2033 se
1075 1969 1232 2036 haberent
1246 1986 1343 2058 atque

236 2059 271 2132 in
291 2067 489 2134 Artemidori
509 2073 649 2156 epitome
671 2078 767 2155 atque
787 2071 823 2132 in
844 2090 904 2133 sno
924 2071 1030 2154 ipsius
1050 2069 1156 2154 libro,
1179 2091 1220 2136 ee
1240 2072 1282 2135 de
1308 2094 1344 2136 re

242 2188 347 2253 pauca
368 2169 492 2234 diceret
521 2183 764 2259 exponeretque
794 2189 927 2234 caussas
956 2160 1155 2256 probabiles.
1197 2170 1266 2237 Nec
1294 2185 1343 2238 ta·
1411 2217 1412 2230 ι

237 2284 312 2331 nten
338 2266 439 2334 focile
461 2271 532 2356 quis
553 2279 663 2355 neget,
687 2271 722 2334 id
743 2273 790 2334 ito
813 2291 834 2333 a
855 2266 1026 2333 Marciano
1048 2269 1286 2355 factumesse,
1308 2273 1345 2337 lrt

235 2365 395 2434 facillime
423 2372 515 2455 quis,
546 2371 628 2454 quae
656 2373 687 2434 ir
718 2372 758 2434 do
778 2368 840 2432 hac
861 2370 934 2453 ipsa
955 2387 990 2431 ro
1019 2367 1162 2452 dixerit,
1189 2388 1254 2437 non
1284 2393 1342 2436 ruo

235 2464 312 2531 loco
336 2487 408 2531 esse
430 2473 538 2554 posita
560 2469 751 2532 existimare
771 2468 888 2550 possit,
910 2485 1103 2552 quamquam
1125 2468 1205 2532 mihi
1221 2491 1345 2537 sumam

235 2581 305 2626 rem
317 2561 388 2645 jam
413 2563 529 2626 iterum
551 2565 599 2625 ita
620 2583 713 2628 amo
736 2585 808 2629 esse
831 2565 1032 2632 enucleatam
1054 2571 1252 2654 argumentis
1274 2591 1345 2635 cum

237 2663 383 2728 externis
412 2675 480 2727 tum
509 2673 589 2726 vero
610 2665 760 2745 internis,
781 2675 819 2728 ut
838 2662 938 2729 verbe
960 2686 1019 2731 sno
1043 2687 1116 2730 erse
1140 2666 1215 2732 loco
1236 2671 1346 2756 posita

237 2762 373 2846 quisque
398 2765 468 2847 J'am
496 2748 722 2828 intellecturus
744 2765 797 2831 sit.
847 2764 930 2828 Sunt
948 2777 1057 2831 autem
1077 2767 1248 2832 inserenda
1270 2790 1346 2852 pag.

124 2935 125 2938 Ἴ
237 2861 656 2929 mimatensem:
688 2863 834 2949 Διῄρηατ
862 2862 1202 2947 οὲὸΜέαπποςαὲ.
1244 2865 1347 2933 Nam-
1411 2939 1412 2942 Ἴ

184 2972 188 2977 ’
238 2979 301 3045 quo
322 2961 419 3026 aliter
447 2964 481 3027 id
504 2964 788 3052 demonstrandum
818 2978 887 3027 orat
918 2980 1015 3052 atquo
1042 2969 1076 3033 id
1104 2989 1206 3054 nuper
1239 2989 1258 3032 a
1284 2967 1347 3030 Fa·

235 3059 341 3128 bricio
375 3066 514 3151 quodam
549 3066 671 3130 lectum
708 3077 777 3145 est,
820 3066 875 3150 qui
911 3087 983 3129 cum
1022 3081 1134 3133 contra
1171 3088 1223 3132 mo
1265 3071 1343 3131 rcri-

183 3197 187 3202 ,
236 3161 347 3245 beret,
374 3185 446 3230 cum
482 3169 529 3229 ita
563 3187 657 3252 quem
691 3163 883 3228 admodum
915 3164 1037 3229 fectum
1067 3177 1118 3231 est
1151 3168 1184 3231 id
1219 3165 1345 3247 fecerit,

236 3278 301 3327 non
322 3265 419 3329 modo
442 3263 563 3328 molum
585 3285 621 3330 se
642 3266 805 3330 hominem
826 3263 981 3329 exhibuit
1002 3265 1058 3330 sed
1073 3269 1173 3331 etiam
1188 3287 1345 3352 arrogan-

236 3374 303 3426 tem
323 3366 519 3450 minimeque
541 3385 653 3430 earnm
673 3387 780 3430 rerum
803 3383 883 3450 quas
905 3365 1023 3430 docere
1045 3389 1096 3431 me
1126 3365 1267 3432 voluerit
1288 3388 1346 3451 pe-

121 3531 134 3558 .
235 3463 345 3544 ritum,
368 3463 434 3526 imo
455 3468 565 3547 potius
587 3465 711 3534 rudem.
734 3465 831 3542 Quod
851 3477 1049 3550 postremum
1070 3467 1109 3529 de
1132 3465 1194 3532 hoc
1217 3467 1347 3531 homino

237 3562 323 3642 dixi,
345 3563 493 3628 maximo
512 3564 574 3631 lroc
594 3570 724 3647 meruit,
742 3567 831 3653 quod
853 3569 985 3650 negavit
1008 3565 1076 3632 ullo
1099 3569 1196 3632 modo
1218 3569 1258 3634 de
1273 3558 1349 3633 Me-

110 3655 124 3675 *
236 3662 328 3750 nippi
362 3675 469 3727 aetate
506 3677 664 3732 constare.
715 3665 795 3732 Eam
826 3687 895 3730 rem
924 3687 995 3730 cum
1025 3687 1108 3732 nune
1138 3665 1269 3732 uberius
1305 3669 1348 3732 iis

239 3781 321 3845 quae
342 3785 458 3829 recens
480 3787 499 3828 a
521 3787 572 3830 me
593 3769 775 3853 perscripta
795 3779 870 3830 sunt
892 3767 1114 3850 exposuerim,
1136 3779 1262 3831 tantum
1284 3765 1348 3831 hoc

237 3855 311 3924 loco
334 3862 569 3949 significemus,
591 3881 707 3932 extare
729 3867 928 3952 epigramma
950 3863 1161 3949 Crinagorae,
1185 3867 1348 3953 quodjam

236 3957 415 4028 Hndsonus
438 3965 610 4052 descripsit
632 3967 782 4055 quodque
804 3985 845 4029 nc
866 3967 1000 4033 novisse
1022 3965 1148 4052 quidem
1171 3970 1234 4031 iste
1255 3967 1349 4031 vide-

238 4073 301 4143 tur,
323 4083 418 4149 quem
439 4069 556 4130 iterum
579 4071 745 4136 nominare
768 4068 887 4136 toedet.
930 4064 1021 4131 Istud
1049 4079 1157 4130 autom
1188 4067 1350 4154 epigram·

171 4179 174 4186 ·
238 4180 291 4226 ma
312 4163 361 4228 sic
383 4163 561 4235 sehabet:
