2852 4816
91 1283 171 1392 Ex
195 1343 259 1406 quo
280 1335 449 1416 tempore,
476 1323 573 1410 idque
602 1320 794 1390 multisunt
821 1328 913 1406 anni,
942 1328 974 1390 in
997 1323 1197 1410 geographia

92 1443 204 1485 suiuus
234 1425 354 1486 versati
379 1425 525 1509 antiqua,
560 1445 658 1508 saepe
686 1427 795 1488 mirati
829 1446 956 1503 annius,
992 1423 1197 1510 geographos

91 1524 252 1603 minores,
283 1525 337 1608 qui
363 1538 493 1609 praeter
515 1521 707 1590 Strabonem
727 1525 795 1590 lere
827 1523 890 1588 soli
912 1538 986 1588 sunt
1009 1525 1115 1588 sontes
1138 1522 1197 1586 ho·

90 1643 162 1684 rum
184 1621 375 1704 studiorum,
396 1627 431 1688 in
441 1622 614 1688 Germania
631 1647 695 1690 uon
716 1647 788 1690 esse
810 1647 1005 1709 equaquam
1019 1645 1119 1710 usque
1141 1625 1198 1688 ad-

91 1717 154 1782 hue
177 1720 292 1783 editos.
336 1721 422 1786 Nam
445 1726 499 1808 qui
521 1728 629 1812 eoepit
649 1727 684 1792 id
704 1726 832 1806 faeere,
861 1722 1088 1805 Bernhardyus
1108 1727 1198 1805 (uam

94 1841 165 1884 cum
175 1819 271 1885 multi
295 1821 468 1905 voluerint,
490 1837 597 1888 tamen
618 1847 715 1890 nemo
735 1847 818 1890 unna
838 1823 985 1908 inoepit',)
1007 1842 1071 1884 non
1090 1842 1198 1906 perre-

91 1923 143 1982 xit
168 1922 405 2007 intermisitque
433 1925 544 1988 nereio
575 1948 639 2012 qua
666 1927 708 1990 de
737 1947 836 1992 cauea
871 1945 965 2009 opus.
1015 1919 1122 1995 Quam
1154 1919 1196 1986 ob

94 2015 224 2086 eausam
235 2043 354 2106 operae
371 2023 509 2106 pretium
519 2025 663 2094 laeturor
679 2048 752 2092 esre
767 2026 965 2111 putavimus,
976 2024 1005 2088 si
1018 2022 1104 2086 hanc
1119 2042 1198 2107 ope·
1224 2089 1229 2100 ,

89 2143 161 2185 ram
182 2123 378 2186 edendorum
400 2125 661 2208 geographorum
682 2129 737 2211 qui
759 2125 908 2190 dieuntur
921 2127 1085 2188 minorum
1094 2125 1198 2186 suei-

89 2241 253 2306 paremus,
294 2219 333 2282 In
354 2239 417 2304 quo
440 2219 589 2284 faciendo
605 2225 727 2286 versati
749 2227 935 2304 samarita,
958 2237 993 2287 ιιι
1015 2235 1197 2286 attextum

91 2323 348 2406 paginarumque
370 2337 537 2382 numerum
567 2321 622 2405 qui
644 2332 694 2384 eat
714 2320 747 2382 in
769 2317 921 2384 Hndroni
944 2322 1085 2385 editione
1106 2343 1205 2407 repe—-

90 2434 234 2484 teramus
255 2431 288 2481 et
309 2438 348 2481 ea
369 2435 451 2503 quae
477 2430 553 2482 aunt
582 2415 623 2480 ab
653 2415 716 2482 hoe
746 2419 814 2482 viro
841 2418 934 2483 dooto
962 2421 1197 2502 animadversa,

91 2519 209 2582 additis
238 2521 351 2602 paucio
377 2517 570 2605 quibusdam
598 2519 731 2582 nostris.
773 2511 888 2597 Neque
916 2520 1018 2597 igitur
1044 2532 1197 2600 putantne

90 2617 184 2703 plura
207 2616 246 2680 de
269 2615 328 2682 hae
352 2632 462 2683 nostra
483 2619 626 2682 editione
648 2614 837 2678 disserenda
860 2633 945 2695 esse,
968 2638 1063 2702 quam
1085 2637 1198 2700 spera·
1332 2685 1338 2692 ,

90 2739 162 2781 mua
184 2717 324 2780 futuram
346 2741 419 2784 erae
439 2731 566 2802 gratam
586 2719 641 2796 iis,
664 2716 774 2800 quiin
795 2714 848 2778 hir
869 2716 987 2779 studiis
1008 2728 1083 2780 sunt
1104 2738 1198 2780 oceu-

88 2819 157 2906 pati
178 2813 382 2902 libenterque
403 2839 442 2882 aa
456 2814 573 2903 quibus
593 2818 627 2880 in
642 2813 694 2878 his
709 2811 904 2897 adjuvantur
931 2817 1113 2899 aooipiunt;
1141 2817 1197 2900 qui

91 2932 200 2981 autem
228 2937 292 2980 non
319 2930 435 3002 putant
462 2916 535 2981 fiori
559 2912 642 2980 bene
665 2915 838 3000 quidquam
859 2936 958 3000 poure
972 2917 1037 2980 niri
1058 2939 1078 2979 a
1095 2926 1198 2980 semet

90 3019 183 3102 ipris,
204 3019 230 3080 ii
251 3017 335 3081 hune
357 3029 501 3081 nostrum
522 3013 670 3080 laborem
690 3013 937 3097 improbabunt,
964 3017 1120 3102 quidquid
1149 3016 1198 3080 di·

90 3119 247 3180 xerimus.
270 3117 335 3180 Sed
357 3114 423 3180 alia
443 3116 601 3202 quaedam
619 3137 640 3179 a
660 3110 924 3192 nobisaddenda
945 3137 1018 3182 ιιιι
1038 3115 1198 3196 videntur.

91 3217 141 3282 Ae
166 3219 305 3300 primum
334 3216 462 3300 quidem
489 3217 531 3281 de
560 3215 716 3302 Menippo
738 3236 842 3300 pauea
864 3215 1031 3294 dieantur,
1060 3237 1132 3280 oum
1156 3215 1197 3278 de

93 3339 132 3380 eo
163 3336 265 3399 nuper
286 3313 413 3376 demum
440 3314 571 3382 uberius
603 3327 838 3381 commentatus
858 3316 919 3380 aim
943 3313 1194 3398 (Menippus,

89 3419 152 3482 der
167 3411 344 3500 aeograpt
361 3433 421 3476 uer
436 3413 628 3499 Pergamon,
643 3415 756 3478 derdere
773 3413 848 3478 zea
861 3415 931 3478 und
949 3413 1058 3480 Werk.
1083 3413 1198 3500 Leipz.

93 3521 186 3584 1841.
207 3513 253 3596 8.)
284 3513 333 3578 Αι
359 3516 497 3599 primum
527 3517 655 3600 quidem
681 3536 723 3578 ea
748 3513 948 3600 fragmenta,
983 3503 1197 3601 quoeunque

25 3605 29 3614 ’
77 3617 198 3681 adhue
218 3614 416 3681 Artemidori
436 3616 565 3678 nomina
585 3615 785 3697 ferebantur,
826 3612 975 3699 Menippi
997 3635 1089 3694 ιιιι,
1109 3627 1198 3697 port·
1258 3667 1260 3672 ,

94 3737 190 3802 quam
212 3735 251 3777 eo
273 3711 371 3793 libro,
392 3735 487 3802 quem
509 3715 549 3780 de
569 3713 673 3780 Iberis
695 3713 794 3794 edidi,
816 3714 923 3794 docui,
940 3716 1036 3778 etiam
1055 3693 1098 3776 hh
1121 3711 1196 3778 aliis

94 3817 259 3900 cognitum
286 3827 346 3883 ιιι.
387 3812 471 3879 Nam
501 3817 535 3878 in
562 3816 766 3900 praefatione
794 3836 890 3900 quam
916 3812 1102 3878 Marcianus
1136 3816 1197 3878 toti

92 3915 243 4002 Menippi
269 3914 395 4001 periplo
427 3918 596 4001 praemisit
623 3919 768 4002 quaeque
797 3929 847 3980 ιιι
873 3924 1064 3979 conservata
1091 3912 1197 3991 nobie,

91 4020 230 4102 primum
252 4017 291 4080 de
309 4019 450 4105 epitome
472 4039 567 4104 quam
581 4015 702 4106 peripli¹
715 4015 911 4080 Artemidori
932 4013 1057 4096 feeerit,
1081 4013 1196 4077 deinde

93 4119 133 4179 de
154 4139 194 4180 eo
215 4115 355 4203 periplo,
377 4138 470 4206 quem
491 4121 563 4202 ipse
584 4117 709 4185 duobus
729 4114 823 4182 libris
846 4111 1040 4200 complexus
1063 4118 1117 4196 sit,
1139 4135 1195 4178 ex-

91 4220 196 4304 ponit,
218 4230 285 4283 tum
306 4219 436 4284 addita
457 4240 492 4284 ιι
515 4218 765 4306 etiamMenippi
785 4212 916 4301 peripli,
939 4216 992 4301 qui
1008 4235 1108 4300 aeque
1130 4234 1195 4304 rnn-
