<?xml version="1.0" encoding="UTF-8"?>
<!DOCTYPE html PUBLIC "-//W3C//DTD XHTML 1.0 Transitional//EN"
    "http://www.w3.org/TR/xhtml1/DTD/xhtml1-transitional.dtd">
<html xmlns="http://www.w3.org/1999/xhtml" xml:lang="en" lang="en">
 <head>
  <title>
</title>
<meta http-equiv="Content-Type" content="text/html;charset=utf-8" />
  <meta name='ocr-system' content='tesseract 3.04.00' />
  <meta name='ocr-capabilities' content='ocr_page ocr_carea ocr_par ocr_line ocrx_word'/>
</head>
<body>
  <div class='ocr_page' id='page_1' title='image "./marcianiperiplu00menigoog_0287.png"; bbox 0 0 2872 4814; ppageno 0'>
   <div class='ocr_carea' id='block_1_1' title="bbox 236 297 1144 419">
    <p class='ocr_par' dir='ltr' id='par_1_1' title="bbox 236 297 1144 419">
     <span class='ocr_line' id='line_1_1' title="bbox 236 297 1144 419; baseline -0.013 -3"><span class='ocrx_word' id='word_1_1' title='bbox 236 348 300 416; x_wconf 81' lang='lat' dir='ltr'>ets</span> <span class='ocrx_word' id='word_1_2' title='bbox 419 327 421 332; x_wconf 82' lang='grc'><strong>’</strong></span> <span class='ocrx_word' id='word_1_3' title='bbox 447 347 738 419; x_wconf 65' lang='lat' dir='ltr'>eremannos</span> <span class='ocrx_word' id='word_1_4' title='bbox 755 297 866 406; x_wconf 78' lang='lat' dir='ltr'>arcr</span> <span class='ocrx_word' id='word_1_5' title='bbox 884 345 1144 406; x_wconf 64' lang='lat' dir='ltr'>onerosiora</span> 
     </span>
    </p>
   </div>
   <div class='ocr_carea' id='block_1_2' title="bbox 235 500 1422 1012">
    <p class='ocr_par' dir='ltr' id='par_1_2' title="bbox 235 500 1422 1012">
     <span class='ocr_line' id='line_1_2' title="bbox 235 500 1422 598; baseline -0.009 -10"><span class='ocrx_word' id='word_1_6' title='bbox 235 537 289 588; x_wconf 86' lang='lat' dir='ltr'>bus</span> <span class='ocrx_word' id='word_1_7' title='bbox 314 531 420 586; x_wconf 83' lang='lat' dir='ltr'>iactum</span> <span class='ocrx_word' id='word_1_8' title='bbox 445 517 507 586; x_wconf 73' lang='lat' dir='ltr'>essa</span> <span class='ocrx_word' id='word_1_9' title='bbox 530 529 616 584; x_wconf 83' lang='lat' dir='ltr'>medo</span> <span class='ocrx_word' id='word_1_10' title='bbox 645 529 779 596; x_wconf 76' lang='lat' dir='ltr'><strong>diximus,</strong></span> <span class='ocrx_word' id='word_1_11' title='bbox 812 528 855 598; x_wconf 89' lang='lat' dir='ltr'>pli</span> <span class='ocrx_word' id='word_1_12' title='bbox 892 529 966 582; x_wconf 83' lang='lat' dir='ltr'>ratis</span> <span class='ocrx_word' id='word_1_13' title='bbox 984 528 1023 591; x_wconf 79' lang='grc' dir='ltr'>εἰς</span> <span class='ocrx_word' id='word_1_14' title='bbox 1065 523 1161 596; x_wconf 75' lang='lat' dir='ltr'>⁸st</span> <span class='ocrx_word' id='word_1_15' title='bbox 1185 542 1241 580; x_wconf 88' lang='lat' dir='ltr'>non</span> <span class='ocrx_word' id='word_1_16' title='bbox 1261 500 1337 580; x_wconf 75' lang='lat' dir='ltr'>moilo</span> <span class='ocrx_word' id='word_1_17' title='bbox 1421 535 1422 552; x_wconf 65' lang='lat'>¹</span> 
     </span>
     <span class='ocr_line' id='line_1_3' title="bbox 236 544 891 666; baseline -0.011 -10"><span class='ocrx_word' id='word_1_18' title='bbox 236 604 287 656; x_wconf 91' lang='lat' dir='ltr'>sed</span> <span class='ocrx_word' id='word_1_19' title='bbox 305 600 359 654; x_wconf 87' lang='lat' dir='ltr'>boc</span> <span class='ocrx_word' id='word_1_20' title='bbox 385 615 484 652; x_wconf 89' lang='lat' dir='ltr'>nornen</span> <span class='ocrx_word' id='word_1_21' title='bbox 509 594 695 653; x_wconf 75' lang='grc' dir='ltr'><strong><em>Ἀστυπάλαια</em></strong></span> <span class='ocrx_word' id='word_1_22' title='bbox 721 614 777 666; x_wconf 89' lang='lat' dir='ltr'>quo</span> <span class='ocrx_word' id='word_1_23' title='bbox 812 544 891 650; x_wconf 59' lang='lat' dir='ltr'>ing</span> 
     </span>
     <span class='ocr_line' id='line_1_4' title="bbox 235 664 1337 740; baseline -0.007 -16"><span class='ocrx_word' id='word_1_24' title='bbox 235 671 321 724; x_wconf 89' lang='lat' dir='ltr'>modo</span> <span class='ocrx_word' id='word_1_25' title='bbox 340 670 536 740; x_wconf 82' lang='lat' dir='ltr'>explicandum</span> <span class='ocrx_word' id='word_1_26' title='bbox 564 677 655 730; x_wconf 72' lang='lat' dir='ltr'>essm,</span> <span class='ocrx_word' id='word_1_27' title='bbox 690 669 780 718; x_wconf 89' lang='lat' dir='ltr'>miror</span> <span class='ocrx_word' id='word_1_28' title='bbox 812 668 847 718; x_wconf 91' lang='lat' dir='ltr'>in</span> <span class='ocrx_word' id='word_1_29' title='bbox 876 667 923 720; x_wconf 83' lang='lat' dir='ltr'>Co</span> <span class='ocrx_word' id='word_1_30' title='bbox 958 665 1029 734; x_wconf 85' lang='lat' dir='ltr'>(auf</span> <span class='ocrx_word' id='word_1_31' title='bbox 1058 664 1134 734; x_wconf 76' lang='lat' dir='ltr'>llos)</span> <span class='ocrx_word' id='word_1_32' title='bbox 1165 666 1337 734; x_wconf 80' lang='lat' dir='ltr'>significabat,</span> 
     </span>
     <span class='ocr_line' id='line_1_5' title="bbox 235 735 1337 804; baseline -0.006 -13"><span class='ocrx_word' id='word_1_33' title='bbox 235 741 373 792; x_wconf 89' lang='lat' dir='ltr'>neminem</span> <span class='ocrx_word' id='word_1_34' title='bbox 414 735 506 790; x_wconf 91' lang='lat' dir='ltr'>adhuc</span> <span class='ocrx_word' id='word_1_35' title='bbox 548 737 669 797; x_wconf 81' lang='lat' dir='ltr'>vidisse,</span> <span class='ocrx_word' id='word_1_36' title='bbox 715 749 778 787; x_wconf 89' lang='lat' dir='ltr'>cum</span> <span class='ocrx_word' id='word_1_37' title='bbox 814 751 886 804; x_wconf 91' lang='lat' dir='ltr'>quae</span> <span class='ocrx_word' id='word_1_38' title='bbox 910 741 997 787; x_wconf 80' lang='lat' dir='ltr'>rer-ba</span> <span class='ocrx_word' id='word_1_39' title='bbox 1021 745 1082 786; x_wconf 79' lang='lat' dir='ltr'>rum</span> <span class='ocrx_word' id='word_1_40' title='bbox 1109 737 1222 786; x_wconf 76' lang='lat' dir='ltr'>&#39;l&#39;uruue</span> <span class='ocrx_word' id='word_1_41' title='bbox 1242 747 1337 800; x_wconf 79' lang='lat' dir='ltr'>semper</span> 
     </span>
     <span class='ocr_line' id='line_1_6' title="bbox 236 799 1368 874; baseline -0.01 -14"><span class='ocrx_word' id='word_1_42' title='bbox 236 823 333 866; x_wconf 86' lang='lat' dir='ltr'>omnes</span> <span class='ocrx_word' id='word_1_43' title='bbox 355 808 468 865; x_wconf 84' lang='lat' dir='ltr'>dicant,</span> <span class='ocrx_word' id='word_1_44' title='bbox 487 814 619 874; x_wconf 78' lang='lat' dir='ltr'>oportere</span> <span class='ocrx_word' id='word_1_45' title='bbox 637 799 708 858; x_wconf 78' lang='grc' dir='ltr'>ἄστυ</span> <span class='ocrx_word' id='word_1_46' title='bbox 726 804 778 854; x_wconf 90' lang='lat' dir='ltr'>ini·</span> <span class='ocrx_word' id='word_1_47' title='bbox 814 805 945 856; x_wconf 82' lang='lat' dir='ltr'>audirent</span> <span class='ocrx_word' id='word_1_48' title='bbox 971 819 1020 854; x_wconf 84' lang='lat' dir='ltr'>nec</span> <span class='ocrx_word' id='word_1_49' title='bbox 1052 812 1160 866; x_wconf 84' lang='lat' dir='ltr'>tamen,</span> <span class='ocrx_word' id='word_1_50' title='bbox 1188 820 1258 872; x_wconf 88' lang='lat' dir='ltr'>quae</span> <span class='ocrx_word' id='word_1_51' title='bbox 1283 819 1337 853; x_wconf 83' lang='lat' dir='ltr'>vere</span> <span class='ocrx_word' id='word_1_52' title='bbox 1365 831 1368 848; x_wconf 85' lang='lat'><em>.</em></span> 
     </span>
     <span class='ocr_line' id='line_1_7' title="bbox 235 873 1422 944; baseline -0.008 -14"><span class='ocrx_word' id='word_1_53' title='bbox 235 879 279 930; x_wconf 88' lang='lat' dir='ltr'>tio</span> <span class='ocrx_word' id='word_1_54' title='bbox 306 876 435 928; x_wconf 84' lang='lat' dir='ltr'>feminini</span> <span class='ocrx_word' id='word_1_55' title='bbox 464 873 553 944; x_wconf 80' lang='lat' dir='ltr'>inerit</span> <span class='ocrx_word' id='word_1_56' title='bbox 576 875 689 944; x_wconf 85' lang='lat' dir='ltr'>generis</span> <span class='ocrx_word' id='word_1_57' title='bbox 716 888 778 924; x_wconf 83' lang='lat' dir='ltr'>ver·</span> <span class='ocrx_word' id='word_1_58' title='bbox 813 881 889 924; x_wconf 86' lang='lat' dir='ltr'>esset</span> <span class='ocrx_word' id='word_1_59' title='bbox 919 882 1014 924; x_wconf 87' lang='lat' dir='ltr'>eorum</span> <span class='ocrx_word' id='word_1_60' title='bbox 1048 875 1207 935; x_wconf 84' lang='lat' dir='ltr'>sententia,</span> <span class='ocrx_word' id='word_1_61' title='bbox 1240 873 1339 931; x_wconf 75' lang='lat' dir='ltr'>scirent</span> <span class='ocrx_word' id='word_1_62' title='bbox 1421 927 1422 940; x_wconf 23' lang='lat' dir='ltr'>p</span> 
     </span>
     <span class='ocr_line' id='line_1_8' title="bbox 235 941 1422 1012; baseline -0.006 -15"><span class='ocrx_word' id='word_1_63' title='bbox 235 946 312 1007; x_wconf 91' lang='lat' dir='ltr'>bum,</span> <span class='ocrx_word' id='word_1_64' title='bbox 331 959 393 996; x_wconf 87' lang='lat' dir='ltr'>cum</span> <span class='ocrx_word' id='word_1_65' title='bbox 411 947 597 1012; x_wconf 84' lang='lat' dir='ltr'>compositum</span> <span class='ocrx_word' id='word_1_66' title='bbox 614 941 778 1004; x_wconf 58' lang='lat' dir='ltr'>lucrincum</span> <span class='ocrx_word' id='word_1_67' title='bbox 812 943 900 994; x_wconf 85' lang='lat' dir='ltr'>Coum</span> <span class='ocrx_word' id='word_1_68' title='bbox 941 941 1083 992; x_wconf 86' lang='lat' dir='ltr'>vocabant</span> <span class='ocrx_word' id='word_1_69' title='bbox 1114 943 1268 994; x_wconf 85' lang='lat' dir='ltr'>istancc</span> <span class='ocrx_word' id='word_1_70' title='bbox 1297 946 1339 991; x_wconf 87' lang='lat' dir='ltr'>aut</span> <span class='ocrx_word' id='word_1_71' title='bbox 1421 955 1422 966; x_wconf 59' lang='lat'>¹</span> 
     </span>
    </p>
   </div>
   <div class='ocr_carea' id='block_1_3' title="bbox 898 595 1422 666">
    <p class='ocr_par' dir='ltr' id='par_1_3' title="bbox 898 595 1422 666">
     <span class='ocr_line' id='line_1_9' title="bbox 898 595 1422 666; baseline -0.004 -16"><span class='ocrx_word' id='word_1_72' title='bbox 898 614 975 650; x_wconf 91' lang='lat' dir='ltr'>cum</span> <span class='ocrx_word' id='word_1_73' title='bbox 995 599 1078 666; x_wconf 72' lang='lat' dir='ltr'>(itaer</span> <span class='ocrx_word' id='word_1_74' title='bbox 1098 595 1168 664; x_wconf 80' lang='lat' dir='ltr'>Kos)</span> <span class='ocrx_word' id='word_1_75' title='bbox 1194 597 1242 648; x_wconf 89' lang='lat' dir='ltr'>sed</span> <span class='ocrx_word' id='word_1_76' title='bbox 1262 599 1338 648; x_wconf 86' lang='lat' dir='ltr'>etiam</span> <span class='ocrx_word' id='word_1_77' title='bbox 1421 599 1422 640; x_wconf 63' lang='grc' dir='ltr'>ἒ</span> 
     </span>
    </p>
   </div>
   <div class='ocr_carea' id='block_1_4' title="bbox 235 1007 1422 1080">
    <p class='ocr_par' dir='ltr' id='par_1_4' title="bbox 235 1007 1422 1080">
     <span class='ocr_line' id='line_1_10' title="bbox 235 1007 1422 1080; baseline -0.01 -12"><span class='ocrx_word' id='word_1_78' title='bbox 235 1009 353 1068; x_wconf 76' lang='grc' dir='ltr'><strong><em>παλαιοί.</em></strong></span> <span class='ocrx_word' id='word_1_79' title='bbox 396 1013 451 1066; x_wconf 87' lang='lat' dir='ltr'>Vel</span> <span class='ocrx_word' id='word_1_80' title='bbox 475 1028 526 1080; x_wconf 91' lang='lat' dir='ltr'>per</span> <span class='ocrx_word' id='word_1_81' title='bbox 558 1027 588 1064; x_wconf 89' lang='lat' dir='ltr'>se</span> <span class='ocrx_word' id='word_1_82' title='bbox 613 1007 778 1079; x_wconf 60' lang='lat' dir='ltr'>quasnam</span> <span class='ocrx_word' id='word_1_83' title='bbox 812 1007 972 1076; x_wconf 70' lang='lat' dir='ltr'>Stsn&#39;lro,</span> <span class='ocrx_word' id='word_1_84' title='bbox 991 1009 1339 1077; x_wconf 63' lang='lat' dir='ltr'>numrlpproptereeleri·</span> <span class='ocrx_word' id='word_1_85' title='bbox 1421 1019 1422 1022; x_wconf 72' lang='grc'>’</span> 
     </span>
    </p>
   </div>
   <div class='ocr_carea' id='block_1_5' title="bbox 234 1078 1340 1560">
    <p class='ocr_par' dir='ltr' id='par_1_5' title="bbox 234 1078 1340 1560">
     <span class='ocr_line' id='line_1_11' title="bbox 234 1078 1340 1146; baseline -0.006 -12"><span class='ocrx_word' id='word_1_86' title='bbox 234 1083 405 1136; x_wconf 78' lang='lat' dir='ltr'>incredibile</span> <span class='ocrx_word' id='word_1_87' title='bbox 427 1083 480 1143; x_wconf 88' lang='lat' dir='ltr'>sit,</span> <span class='ocrx_word' id='word_1_88' title='bbox 509 1080 576 1132; x_wconf 89' lang='lat' dir='ltr'>nolo</span> <span class='ocrx_word' id='word_1_89' title='bbox 604 1080 778 1131; x_wconf 86' lang='lat' dir='ltr'>demonstra·</span> <span class='ocrx_word' id='word_1_90' title='bbox 811 1085 899 1132; x_wconf 84' lang='lat' dir='ltr'>tatem</span> <span class='ocrx_word' id='word_1_91' title='bbox 919 1078 1053 1146; x_wconf 84' lang='lat' dir='ltr'>loquendi</span> <span class='ocrx_word' id='word_1_92' title='bbox 1072 1079 1196 1130; x_wconf 84' lang='lat' dir='ltr'>sonabat</span> <span class='ocrx_word' id='word_1_93' title='bbox 1216 1083 1340 1137; x_wconf 69' lang='lat' dir='ltr'>sternet</span> 
     </span>
     <span class='ocr_line' id='line_1_12' title="bbox 235 1142 1340 1216; baseline -0.008 -12"><span class='ocrx_word' id='word_1_94' title='bbox 235 1167 282 1215; x_wconf 80' lang='lat' dir='ltr'>re,</span> <span class='ocrx_word' id='word_1_95' title='bbox 312 1151 363 1202; x_wconf 89' lang='lat' dir='ltr'>sad</span> <span class='ocrx_word' id='word_1_96' title='bbox 382 1151 472 1202; x_wconf 81' lang='lat' dir='ltr'>dicam</span> <span class='ocrx_word' id='word_1_97' title='bbox 501 1151 612 1216; x_wconf 86' lang='lat' dir='ltr'>potius,</span> <span class='ocrx_word' id='word_1_98' title='bbox 637 1145 777 1216; x_wconf 80' lang='lat' dir='ltr'>quidhoc</span> <span class='ocrx_word' id='word_1_99' title='bbox 811 1142 861 1216; x_wconf 75' lang='lat' dir='ltr'>triu</span> <span class='ocrx_word' id='word_1_100' title='bbox 885 1147 1018 1200; x_wconf 83' lang='lat' dir='ltr'>videntur</span> <span class='ocrx_word' id='word_1_101' title='bbox 1045 1147 1150 1200; x_wconf 78' lang='lat' dir='ltr'>Graeci</span> <span class='ocrx_word' id='word_1_102' title='bbox 1180 1148 1340 1215; x_wconf 74' lang='lat' dir='ltr'>posteriores</span> 
     </span>
     <span class='ocr_line' id='line_1_13' title="bbox 237 1215 1340 1282; baseline -0.005 -11"><span class='ocrx_word' id='word_1_103' title='bbox 237 1220 272 1272; x_wconf 89' lang='lat' dir='ltr'>de</span> <span class='ocrx_word' id='word_1_104' title='bbox 290 1235 320 1270; x_wconf 90' lang='lat' dir='ltr'>re</span> <span class='ocrx_word' id='word_1_105' title='bbox 338 1220 468 1271; x_wconf 84' lang='lat' dir='ltr'>sentiam.</span> <span class='ocrx_word' id='word_1_106' title='bbox 502 1222 562 1272; x_wconf 85' lang='lat' dir='ltr'>lam</span> <span class='ocrx_word' id='word_1_107' title='bbox 585 1217 660 1278; x_wconf 79' lang='lat' dir='ltr'>diui,</span> <span class='ocrx_word' id='word_1_108' title='bbox 678 1217 703 1268; x_wconf 91' lang='lat' dir='ltr'>si</span> <span class='ocrx_word' id='word_1_109' title='bbox 742 1231 777 1268; x_wconf 81' lang='lat' dir='ltr'>ua</span> <span class='ocrx_word' id='word_1_110' title='bbox 810 1232 867 1266; x_wconf 89' lang='lat' dir='ltr'>nun</span> <span class='ocrx_word' id='word_1_111' title='bbox 885 1222 1015 1280; x_wconf 74' lang='lat' dir='ltr'>oenone,</span> <span class='ocrx_word' id='word_1_112' title='bbox 1033 1217 1101 1277; x_wconf 78' lang='lat' dir='ltr'>tim,</span> <span class='ocrx_word' id='word_1_113' title='bbox 1127 1215 1178 1266; x_wconf 85' lang='lat' dir='ltr'>sed</span> <span class='ocrx_word' id='word_1_114' title='bbox 1202 1223 1261 1267; x_wconf 86' lang='lat' dir='ltr'>tam</span> <span class='ocrx_word' id='word_1_115' title='bbox 1287 1229 1340 1282; x_wconf 87' lang='lat' dir='ltr'>pro·</span> 
     </span>
     <span class='ocr_line' id='line_1_14' title="bbox 235 1231 1339 1352; baseline -0.005 -14"><span class='ocrx_word' id='word_1_116' title='bbox 235 1288 265 1342; x_wconf 91' lang='lat' dir='ltr'>in</span> <span class='ocrx_word' id='word_1_117' title='bbox 290 1297 365 1339; x_wconf 87' lang='lat' dir='ltr'>terra</span> <span class='ocrx_word' id='word_1_118' title='bbox 389 1287 434 1338; x_wconf 87' lang='lat' dir='ltr'>vel</span> <span class='ocrx_word' id='word_1_119' title='bbox 458 1287 551 1348; x_wconf 85' lang='lat' dir='ltr'>insula</span> <span class='ocrx_word' id='word_1_120' title='bbox 575 1285 695 1352; x_wconf 90' lang='lat' dir='ltr'>primum</span> <span class='ocrx_word' id='word_1_121' title='bbox 722 1231 776 1335; x_wconf 70' lang='lat' dir='ltr'>iro·</span> <span class='ocrx_word' id='word_1_122' title='bbox 811 1283 993 1338; x_wconf 79' lang='lat' dir='ltr'>sustinuisse.</span> <span class='ocrx_word' id='word_1_123' title='bbox 1031 1285 1105 1336; x_wconf 84' lang='lat' dir='ltr'>ilinc</span> <span class='ocrx_word' id='word_1_124' title='bbox 1130 1285 1214 1338; x_wconf 83' lang='lat' dir='ltr'>etiem</span> <span class='ocrx_word' id='word_1_125' title='bbox 1247 1283 1339 1336; x_wconf 77' lang='lat' dir='ltr'>iactum</span> 
     </span>
     <span class='ocr_line' id='line_1_15' title="bbox 235 1353 1339 1422; baseline -0.007 -13"><span class='ocrx_word' id='word_1_126' title='bbox 235 1359 325 1410; x_wconf 85' lang='lat' dir='ltr'>mines</span> <span class='ocrx_word' id='word_1_127' title='bbox 341 1357 371 1406; x_wconf 89' lang='lat' dir='ltr'>in</span> <span class='ocrx_word' id='word_1_128' title='bbox 391 1355 486 1406; x_wconf 88' lang='lat' dir='ltr'>urbem</span> <span class='ocrx_word' id='word_1_129' title='bbox 516 1369 546 1407; x_wconf 87' lang='lat' dir='ltr'>se</span> <span class='ocrx_word' id='word_1_130' title='bbox 577 1353 777 1422; x_wconf 83' lang='lat' dir='ltr'>congregaris·</span> <span class='ocrx_word' id='word_1_131' title='bbox 810 1361 867 1414; x_wconf 84' lang='lat' dir='ltr'>eat,</span> <span class='ocrx_word' id='word_1_132' title='bbox 886 1360 918 1404; x_wconf 88' lang='lat' dir='ltr'>ut</span> <span class='ocrx_word' id='word_1_133' title='bbox 936 1353 1196 1420; x_wconf 86' lang='lat' dir='ltr'>Constantinopolis</span> <span class='ocrx_word' id='word_1_134' title='bbox 1215 1369 1232 1404; x_wconf 88' lang='lat' dir='ltr'>a</span> <span class='ocrx_word' id='word_1_135' title='bbox 1251 1353 1339 1404; x_wconf 81' lang='lat' dir='ltr'>&#39;luscis</span> 
     </span>
     <span class='ocr_line' id='line_1_16' title="bbox 235 1422 1339 1491; baseline -0.005 -13"><span class='ocrx_word' id='word_1_136' title='bbox 235 1433 316 1486; x_wconf 89' lang='lat' dir='ltr'>sent,</span> <span class='ocrx_word' id='word_1_137' title='bbox 335 1439 397 1476; x_wconf 87' lang='lat' dir='ltr'>earn</span> <span class='ocrx_word' id='word_1_138' title='bbox 417 1425 530 1485; x_wconf 89' lang='lat' dir='ltr'>urbem,</span> <span class='ocrx_word' id='word_1_139' title='bbox 546 1423 649 1491; x_wconf 80' lang='lat' dir='ltr'>quippe</span> <span class='ocrx_word' id='word_1_140' title='bbox 670 1423 777 1488; x_wconf 87' lang='lat' dir='ltr'>dispcr-</span> <span class='ocrx_word' id='word_1_141' title='bbox 812 1422 958 1474; x_wconf 86' lang='lat' dir='ltr'>lstambcli</span> <span class='ocrx_word' id='word_1_142' title='bbox 977 1422 1021 1474; x_wconf 86' lang='lat' dir='ltr'>rel</span> <span class='ocrx_word' id='word_1_143' title='bbox 1040 1423 1126 1474; x_wconf 86' lang='lat' dir='ltr'>etiarn</span> <span class='ocrx_word' id='word_1_144' title='bbox 1145 1423 1250 1472; x_wconf 88' lang='lat' dir='ltr'>omissa</span> <span class='ocrx_word' id='word_1_145' title='bbox 1267 1422 1339 1472; x_wconf 81' lang='lat' dir='ltr'>litera</span> 
     </span>
     <span class='ocr_line' id='line_1_17' title="bbox 235 1489 1339 1560; baseline -0.005 -16"><span class='ocrx_word' id='word_1_146' title='bbox 235 1494 275 1548; x_wconf 86' lang='lat' dir='ltr'>sis</span> <span class='ocrx_word' id='word_1_147' title='bbox 304 1508 353 1559; x_wconf 83' lang='lat' dir='ltr'>per</span> <span class='ocrx_word' id='word_1_148' title='bbox 376 1507 461 1560; x_wconf 87' lang='lat' dir='ltr'>agros</span> <span class='ocrx_word' id='word_1_149' title='bbox 488 1491 641 1542; x_wconf 76' lang='lat' dir='ltr'>domiciliis</span> <span class='ocrx_word' id='word_1_150' title='bbox 666 1492 776 1557; x_wconf 88' lang='lat' dir='ltr'>opposi·</span> <span class='ocrx_word' id='word_1_151' title='bbox 809 1489 975 1556; x_wconf 83' lang='lat' dir='ltr'>iStampcli</span> <span class='ocrx_word' id='word_1_152' title='bbox 993 1499 1129 1552; x_wconf 82' lang='lat' dir='ltr'>vacetur,</span> <span class='ocrx_word' id='word_1_153' title='bbox 1151 1490 1339 1542; x_wconf 86' lang='lat' dir='ltr'>namaGrae·</span> 
     </span>
    </p>
   </div>
   <div class='ocr_carea' id='block_1_6' title="bbox 142 1553 1425 1694">
    <p class='ocr_par' dir='ltr' id='par_1_6' title="bbox 142 1553 1425 1694">
     <span class='ocr_line' id='line_1_18' title="bbox 235 1553 1425 1628; baseline -0.006 -16"><span class='ocrx_word' id='word_1_154' title='bbox 235 1569 302 1622; x_wconf 87' lang='lat' dir='ltr'>tam,</span> <span class='ocrx_word' id='word_1_155' title='bbox 323 1555 778 1628; x_wconf 81' lang='lat' dir='ltr'>aGraecisrir&#39;osv(qu0quorrro-</span> <span class='ocrx_word' id='word_1_156' title='bbox 811 1559 852 1610; x_wconf 87' lang='lat' dir='ltr'>cis</span> <span class='ocrx_word' id='word_1_157' title='bbox 874 1574 984 1624; x_wconf 81' lang='lat' dir='ltr'>semper</span> <span class='ocrx_word' id='word_1_158' title='bbox 1005 1559 1045 1620; x_wconf 77' lang='grc' dir='ltr'>εἰς</span> <span class='ocrx_word' id='word_1_159' title='bbox 1061 1553 1112 1626; x_wconf 82' lang='grc' dir='ltr'>τὴν</span> <span class='ocrx_word' id='word_1_160' title='bbox 1136 1555 1222 1612; x_wconf 74' lang='grc' dir='ltr'><strong><em>πόλιν</em></strong></span> <span class='ocrx_word' id='word_1_161' title='bbox 1246 1560 1339 1628; x_wconf 81' lang='lat' dir='ltr'>(istam</span> <span class='ocrx_word' id='word_1_162' title='bbox 1424 1585 1425 1592; x_wconf 27' lang='grc' dir='ltr'><strong>κ</strong></span> 
     </span>
     <span class='ocr_line' id='line_1_19' title="bbox 142 1625 1339 1694; baseline -0.003 -14"><span class='ocrx_word' id='word_1_163' title='bbox 142 1673 144 1680; x_wconf 80' lang='grc'>,</span> <span class='ocrx_word' id='word_1_164' title='bbox 236 1631 274 1682; x_wconf 93' lang='lat' dir='ltr'>do</span> <span class='ocrx_word' id='word_1_165' title='bbox 293 1629 479 1680; x_wconf 83' lang='lat' dir='ltr'>hucucrbum</span> <span class='ocrx_word' id='word_1_166' title='bbox 500 1628 695 1694; x_wconf 80' lang='lat' dir='ltr'>explicandum</span> <span class='ocrx_word' id='word_1_167' title='bbox 720 1627 777 1690; x_wconf 81' lang='lat' dir='ltr'>esti</span> <span class='ocrx_word' id='word_1_168' title='bbox 810 1625 902 1693; x_wconf 87' lang='lat' dir='ltr'>polin)</span> <span class='ocrx_word' id='word_1_169' title='bbox 926 1627 1094 1680; x_wconf 76' lang='lat' dir='ltr'>audiebant:</span> <span class='ocrx_word' id='word_1_170' title='bbox 1125 1641 1190 1678; x_wconf 88' lang='lat' dir='ltr'>nam</span> <span class='ocrx_word' id='word_1_171' title='bbox 1218 1627 1260 1678; x_wconf 87' lang='lat' dir='ltr'>illr</span> <span class='ocrx_word' id='word_1_172' title='bbox 1279 1629 1339 1678; x_wconf 86' lang='lat' dir='ltr'>Con-</span> 
     </span>
    </p>
   </div>
   <div class='ocr_carea' id='block_1_7' title="bbox 185 1687 1340 3270">
    <p class='ocr_par' dir='ltr' id='par_1_7' title="bbox 185 1687 1340 3270">
     <span class='ocr_line' id='line_1_20' title="bbox 235 1687 1338 1766; baseline -0.004 -16"><span class='ocrx_word' id='word_1_173' title='bbox 235 1714 296 1754; x_wconf 88' lang='lat' dir='ltr'>esse</span> <span class='ocrx_word' id='word_1_174' title='bbox 314 1697 493 1766; x_wconf 76' lang='lat' dir='ltr'>appellatam.</span> <span class='ocrx_word' id='word_1_175' title='bbox 518 1698 595 1748; x_wconf 89' lang='lat' dir='ltr'>Hinc</span> <span class='ocrx_word' id='word_1_176' title='bbox 613 1704 709 1748; x_wconf 88' lang='lat' dir='ltr'>autem</span> <span class='ocrx_word' id='word_1_177' title='bbox 734 1695 776 1746; x_wconf 79' lang='lat' dir='ltr'>l&#39;a-</span> <span class='ocrx_word' id='word_1_178' title='bbox 809 1697 1014 1762; x_wconf 86' lang='lat' dir='ltr'>stautroopolin</span> <span class='ocrx_word' id='word_1_179' title='bbox 1044 1687 1109 1748; x_wconf 74' lang='grc' dir='ltr'><strong><em>κατ’</em></strong></span> <span class='ocrx_word' id='word_1_180' title='bbox 1140 1690 1238 1764; x_wconf 78' lang='grc' dir='ltr'><strong><em>ἐξοχὴν</em></strong></span> <span class='ocrx_word' id='word_1_181' title='bbox 1266 1691 1338 1756; x_wconf 77' lang='grc' dir='ltr'><strong><em>πόλιν</em></strong></span> 
     </span>
     <span class='ocr_line' id='line_1_21' title="bbox 235 1761 1338 1832; baseline -0.01 -10"><span class='ocrx_word' id='word_1_182' title='bbox 235 1776 310 1822; x_wconf 89' lang='lat' dir='ltr'>ctum</span> <span class='ocrx_word' id='word_1_183' title='bbox 337 1775 394 1828; x_wconf 80' lang='lat' dir='ltr'>est,</span> <span class='ocrx_word' id='word_1_184' title='bbox 419 1773 449 1817; x_wconf 89' lang='lat' dir='ltr'>ut</span> <span class='ocrx_word' id='word_1_185' title='bbox 473 1761 542 1819; x_wconf 71' lang='lat' dir='ltr'>diora</span> <span class='ocrx_word' id='word_1_186' title='bbox 568 1772 701 1832; x_wconf 75' lang='lat' dir='ltr'>tanquam</span> <span class='ocrx_word' id='word_1_187' title='bbox 726 1777 776 1831; x_wconf 88' lang='lat' dir='ltr'>pro</span> <span class='ocrx_word' id='word_1_188' title='bbox 811 1764 953 1818; x_wconf 85' lang='lat' dir='ltr'>dicebant.</span> <span class='ocrx_word' id='word_1_189' title='bbox 1017 1765 1052 1816; x_wconf 88' lang='lat' dir='ltr'>Ut</span> <span class='ocrx_word' id='word_1_190' title='bbox 1107 1761 1159 1814; x_wconf 87' lang='lat' dir='ltr'>bue</span> <span class='ocrx_word' id='word_1_191' title='bbox 1208 1764 1338 1823; x_wconf 73' lang='lat' dir='ltr'>additurus,</span> 
     </span>
     <span class='ocr_line' id='line_1_22' title="bbox 235 1831 1338 1902; baseline -0.006 -14"><span class='ocrx_word' id='word_1_192' title='bbox 235 1838 349 1889; x_wconf 81' lang='lat' dir='ltr'>nrrorine</span> <span class='ocrx_word' id='word_1_193' title='bbox 386 1836 516 1902; x_wconf 89' lang='lat' dir='ltr'>proprio,</span> <span class='ocrx_word' id='word_1_194' title='bbox 547 1835 666 1886; x_wconf 79' lang='lat' dir='ltr'>urbibus</span> <span class='ocrx_word' id='word_1_195' title='bbox 699 1833 776 1894; x_wconf 87' lang='lat' dir='ltr'>dato,</span> <span class='ocrx_word' id='word_1_196' title='bbox 811 1831 896 1884; x_wconf 85' lang='lat' dir='ltr'>bodie</span> <span class='ocrx_word' id='word_1_197' title='bbox 930 1848 1051 1901; x_wconf 83' lang='lat' dir='ltr'>quoque.</span> <span class='ocrx_word' id='word_1_198' title='bbox 1080 1831 1182 1884; x_wconf 87' lang='lat' dir='ltr'>Gracci</span> <span class='ocrx_word' id='word_1_199' title='bbox 1212 1833 1250 1894; x_wconf 79' lang='grc' dir='ltr'>εἰς</span> <span class='ocrx_word' id='word_1_200' title='bbox 1284 1847 1338 1883; x_wconf 85' lang='lat' dir='ltr'>cum</span> 
     </span>
     <span class='ocr_line' id='line_1_23' title="bbox 234 1896 1337 1970; baseline -0.005 -14"><span class='ocrx_word' id='word_1_201' title='bbox 234 1903 388 1957; x_wconf 88' lang='lat' dir='ltr'>baberent:</span> <span class='ocrx_word' id='word_1_202' title='bbox 402 1903 477 1970; x_wconf 91' lang='lat' dir='ltr'>quod</span> <span class='ocrx_word' id='word_1_203' title='bbox 493 1917 557 1954; x_wconf 89' lang='lat' dir='ltr'>cum</span> <span class='ocrx_word' id='word_1_204' title='bbox 570 1909 652 1962; x_wconf 86' lang='lat' dir='ltr'>esset,</span> <span class='ocrx_word' id='word_1_205' title='bbox 662 1902 778 1967; x_wconf 84' lang='lat' dir='ltr'>si,nova</span> <span class='ocrx_word' id='word_1_206' title='bbox 811 1904 973 1954; x_wconf 80' lang='lat' dir='ltr'>accusativo</span> <span class='ocrx_word' id='word_1_207' title='bbox 996 1916 1047 1968; x_wconf 85' lang='lat' dir='ltr'>pro</span> <span class='ocrx_word' id='word_1_208' title='bbox 1066 1896 1096 1952; x_wconf 80' lang='grc' dir='ltr'>ἐν</span> <span class='ocrx_word' id='word_1_209' title='bbox 1118 1902 1224 1955; x_wconf 87' lang='lat' dir='ltr'>dicunt.</span> <span class='ocrx_word' id='word_1_210' title='bbox 1244 1902 1337 1954; x_wconf 83' lang='lat' dir='ltr'>Eodem</span> 
     </span>
     <span class='ocr_line' id='line_1_24' title="bbox 235 1969 1337 2031; baseline -0.005 -7"><span class='ocrx_word' id='word_1_211' title='bbox 235 1970 778 2031; x_wconf 80' lang='lat' dir='ltr'>urbecondita,hauc·avetcrediscer-</span> <span class='ocrx_word' id='word_1_212' title='bbox 810 1970 899 2021; x_wconf 74' lang='lat' dir='ltr'>inodo</span> <span class='ocrx_word' id='word_1_213' title='bbox 924 1971 1045 2022; x_wconf 77' lang='lat' dir='ltr'>Lemnos</span> <span class='ocrx_word' id='word_1_214' title='bbox 1077 1979 1217 2023; x_wconf 86' lang='lat' dir='ltr'>mutatum</span> <span class='ocrx_word' id='word_1_215' title='bbox 1250 1977 1290 2022; x_wconf 86' lang='lat' dir='ltr'>est</span> <span class='ocrx_word' id='word_1_216' title='bbox 1312 1969 1337 2018; x_wconf 91' lang='lat' dir='ltr'>in</span> 
     </span>
     <span class='ocr_line' id='line_1_25' title="bbox 235 2033 1337 2106; baseline -0.004 -16"><span class='ocrx_word' id='word_1_217' title='bbox 235 2055 304 2090; x_wconf 83' lang='lat' dir='ltr'>nero</span> <span class='ocrx_word' id='word_1_218' title='bbox 323 2039 476 2100; x_wconf 80' lang='lat' dir='ltr'>volebant,</span> <span class='ocrx_word' id='word_1_219' title='bbox 501 2047 623 2090; x_wconf 87' lang='lat' dir='ltr'>veterem</span> <span class='ocrx_word' id='word_1_220' title='bbox 647 2033 776 2092; x_wconf 73' lang='grc' dir='ltr'><strong><em>Ἀρτοπά-</em></strong></span> <span class='ocrx_word' id='word_1_221' title='bbox 810 2038 1035 2101; x_wconf 81' lang='lat' dir='ltr'>Stalinrene,</span> <span class='ocrx_word' id='word_1_222' title='bbox 1064 2039 1141 2106; x_wconf 91' lang='lat' dir='ltr'>quod</span> <span class='ocrx_word' id='word_1_223' title='bbox 1164 2041 1275 2106; x_wconf 89' lang='lat' dir='ltr'>proprie</span> <span class='ocrx_word' id='word_1_224' title='bbox 1300 2042 1337 2087; x_wconf 85' lang='lat' dir='ltr'>est</span> 
     </span>
     <span class='ocr_line' id='line_1_26' title="bbox 238 2102 1338 2175; baseline -0.005 -15"><span class='ocrx_word' id='word_1_225' title='bbox 238 2111 321 2160; x_wconf 73' lang='lat' dir='ltr'>ictor</span> <span class='ocrx_word' id='word_1_226' title='bbox 344 2115 497 2170; x_wconf 82' lang='lat' dir='ltr'>vocarunt,</span> <span class='ocrx_word' id='word_1_227' title='bbox 524 2107 559 2158; x_wconf 87' lang='lat' dir='ltr'>ad</span> <span class='ocrx_word' id='word_1_228' title='bbox 587 2102 674 2169; x_wconf 77' lang='grc' dir='ltr'><strong><em>ἄστυ,</em></strong></span> <span class='ocrx_word' id='word_1_229' title='bbox 699 2105 777 2175; x_wconf 86' lang='lat' dir='ltr'>quod</span> <span class='ocrx_word' id='word_1_230' title='bbox 810 2107 849 2169; x_wconf 76' lang='grc' dir='ltr'>εἰς</span> <span class='ocrx_word' id='word_1_231' title='bbox 862 2102 1041 2175; x_wconf 81' lang='grc' dir='ltr'><strong><em>τήνΛήμνοο,</em></strong></span> <span class='ocrx_word' id='word_1_232' title='bbox 1057 2107 1087 2158; x_wconf 89' lang='lat' dir='ltr'>id</span> <span class='ocrx_word' id='word_1_233' title='bbox 1103 2109 1338 2166; x_wconf 77' lang='lat' dir='ltr'>eststalimno,</span> 
     </span>
     <span class='ocr_line' id='line_1_27' title="bbox 237 2175 1337 2244; baseline -0.005 -16"><span class='ocrx_word' id='word_1_234' title='bbox 237 2177 323 2228; x_wconf 86' lang='lat' dir='ltr'>modo</span> <span class='ocrx_word' id='word_1_235' title='bbox 342 2176 468 2230; x_wconf 75' lang='lat' dir='ltr'>diximus</span> <span class='ocrx_word' id='word_1_236' title='bbox 492 2184 623 2244; x_wconf 87' lang='lat' dir='ltr'>tauquam</span> <span class='ocrx_word' id='word_1_237' title='bbox 651 2190 702 2243; x_wconf 90' lang='lat' dir='ltr'>pro</span> <span class='ocrx_word' id='word_1_238' title='bbox 728 2190 776 2226; x_wconf 83' lang='lat' dir='ltr'>nu·</span> <span class='ocrx_word' id='word_1_239' title='bbox 810 2176 884 2243; x_wconf 88' lang='lat' dir='ltr'>quod</span> <span class='ocrx_word' id='word_1_240' title='bbox 918 2178 1021 2226; x_wconf 87' lang='lat' dir='ltr'>iterum</span> <span class='ocrx_word' id='word_1_241' title='bbox 1052 2186 1212 2242; x_wconf 86' lang='lat' dir='ltr'>corruptum</span> <span class='ocrx_word' id='word_1_242' title='bbox 1245 2182 1285 2228; x_wconf 89' lang='lat' dir='ltr'>est</span> <span class='ocrx_word' id='word_1_243' title='bbox 1312 2175 1337 2223; x_wconf 88' lang='lat' dir='ltr'>in</span> 
     </span>
     <span class='ocr_line' id='line_1_28' title="bbox 185 2243 1338 2312; baseline -0.004 -16"><span class='ocrx_word' id='word_1_244' title='bbox 185 2259 187 2264; x_wconf 90' lang='lat'>·</span> <span class='ocrx_word' id='word_1_245' title='bbox 236 2246 433 2312; x_wconf 83' lang='lat' dir='ltr'>mineproprio</span> <span class='ocrx_word' id='word_1_246' title='bbox 446 2243 571 2296; x_wconf 89' lang='lat' dir='ltr'>habitum</span> <span class='ocrx_word' id='word_1_247' title='bbox 582 2245 775 2305; x_wconf 66' lang='lat' dir='ltr'>coaeternum</span> <span class='ocrx_word' id='word_1_248' title='bbox 811 2243 972 2298; x_wconf 73' lang='lat' dir='ltr'>Stalimeoe.</span> <span class='ocrx_word' id='word_1_249' title='bbox 1003 2243 1066 2296; x_wconf 82' lang='lat' dir='ltr'>Nou</span> <span class='ocrx_word' id='word_1_250' title='bbox 1084 2246 1168 2296; x_wconf 86' lang='lat' dir='ltr'>rerba</span> <span class='ocrx_word' id='word_1_251' title='bbox 1187 2244 1338 2297; x_wconf 79' lang='lat' dir='ltr'>fecissemus</span> 
     </span>
     <span class='ocr_line' id='line_1_29' title="bbox 236 2309 1338 2380; baseline -0.006 -13"><span class='ocrx_word' id='word_1_252' title='bbox 236 2310 321 2368; x_wconf 70' lang='lat' dir='ltr'>rutiles</span> <span class='ocrx_word' id='word_1_253' title='bbox 349 2313 527 2380; x_wconf 71' lang='lat' dir='ltr'>supplentess</span> <span class='ocrx_word' id='word_1_254' title='bbox 565 2309 649 2366; x_wconf 74' lang='lat' dir='ltr'>radim</span> <span class='ocrx_word' id='word_1_255' title='bbox 681 2319 776 2363; x_wconf 81' lang='lat' dir='ltr'>auteur</span> <span class='ocrx_word' id='word_1_256' title='bbox 810 2311 984 2372; x_wconf 84' lang='lat' dir='ltr'>haedere,</span> <span class='ocrx_word' id='word_1_257' title='bbox 1006 2313 1030 2362; x_wconf 86' lang='lat' dir='ltr'>sl</span> <span class='ocrx_word' id='word_1_258' title='bbox 1052 2311 1338 2364; x_wconf 58' lang='lat' dir='ltr'>nonlnealriusinli·</span> 
     </span>
     <span class='ocr_line' id='line_1_30' title="bbox 236 2377 1339 2449; baseline -0.005 -15"><span class='ocrx_word' id='word_1_259' title='bbox 236 2377 340 2434; x_wconf 82' lang='lat' dir='ltr'>scimus</span> <span class='ocrx_word' id='word_1_260' title='bbox 362 2382 487 2433; x_wconf 86' lang='lat' dir='ltr'>Graecos</span> <span class='ocrx_word' id='word_1_261' title='bbox 513 2381 548 2432; x_wconf 82' lang='lat' dir='ltr'>nd</span> <span class='ocrx_word' id='word_1_262' title='bbox 567 2382 702 2449; x_wconf 82' lang='lat' dir='ltr'>pleraque</span> <span class='ocrx_word' id='word_1_263' title='bbox 727 2393 775 2430; x_wconf 87' lang='lat' dir='ltr'>no-</span> <span class='ocrx_word' id='word_1_264' title='bbox 809 2381 860 2432; x_wconf 85' lang='lat' dir='ltr'>bro</span> <span class='ocrx_word' id='word_1_265' title='bbox 887 2383 1022 2446; x_wconf 76' lang='lat' dir='ltr'>inscripto</span> <span class='ocrx_word' id='word_1_266' title='bbox 1048 2381 1164 2432; x_wconf 84' lang='lat' dir='ltr'>Journal</span> <span class='ocrx_word' id='word_1_267' title='bbox 1191 2383 1256 2432; x_wconf 83' lang='lat' dir='ltr'>ola</span> <span class='ocrx_word' id='word_1_268' title='bbox 1281 2388 1339 2430; x_wconf 88' lang='lat' dir='ltr'>tour</span> 
     </span>
     <span class='ocr_line' id='line_1_31' title="bbox 234 2447 1338 2516; baseline -0.005 -13"><span class='ocrx_word' id='word_1_269' title='bbox 234 2452 312 2503; x_wconf 86' lang='lat' dir='ltr'>mina</span> <span class='ocrx_word' id='word_1_270' title='bbox 326 2450 437 2501; x_wconf 90' lang='lat' dir='ltr'>urbium</span> <span class='ocrx_word' id='word_1_271' title='bbox 451 2451 700 2516; x_wconf 84' lang='lat' dir='ltr'>supplesse,unde</span> <span class='ocrx_word' id='word_1_272' title='bbox 714 2449 775 2510; x_wconf 82' lang='lat' dir='ltr'>illa,</span> <span class='ocrx_word' id='word_1_273' title='bbox 809 2451 839 2502; x_wconf 85' lang='lat' dir='ltr'>in</span> <span class='ocrx_word' id='word_1_274' title='bbox 857 2451 923 2500; x_wconf 77' lang='lat' dir='ltr'>Asia</span> <span class='ocrx_word' id='word_1_275' title='bbox 952 2451 1043 2500; x_wconf 87' lang='lat' dir='ltr'>minor</span> <span class='ocrx_word' id='word_1_276' title='bbox 1069 2457 1122 2502; x_wconf 83' lang='lat' dir='ltr'>eet.</span> <span class='ocrx_word' id='word_1_277' title='bbox 1158 2450 1250 2502; x_wconf 88' lang='lat' dir='ltr'>Lond.</span> <span class='ocrx_word' id='word_1_278' title='bbox 1271 2447 1338 2500; x_wconf 81' lang='lat'>1824.</span> 
     </span>
     <span class='ocr_line' id='line_1_32' title="bbox 236 2516 1339 2586; baseline -0.003 -16"><span class='ocrx_word' id='word_1_279' title='bbox 236 2535 272 2586; x_wconf 85' lang='lat' dir='ltr'>qu</span> <span class='ocrx_word' id='word_1_280' title='bbox 322 2534 403 2586; x_wconf 87' lang='lat' dir='ltr'>quam</span> <span class='ocrx_word' id='word_1_281' title='bbox 420 2520 533 2585; x_wconf 89' lang='lat' dir='ltr'>proprie</span> <span class='ocrx_word' id='word_1_282' title='bbox 547 2521 607 2570; x_wconf 81' lang='lat' dir='ltr'>sira</span> <span class='ocrx_word' id='word_1_283' title='bbox 624 2517 775 2570; x_wconf 89' lang='lat' dir='ltr'>masculini</span> <span class='ocrx_word' id='word_1_284' title='bbox 811 2533 837 2584; x_wconf 88' lang='lat' dir='ltr'>p.</span> <span class='ocrx_word' id='word_1_285' title='bbox 857 2519 874 2570; x_wconf 83' lang='lat'>4</span> <span class='ocrx_word' id='word_1_286' title='bbox 893 2516 966 2570; x_wconf 87' lang='lat' dir='ltr'>hanc</span> <span class='ocrx_word' id='word_1_287' title='bbox 983 2533 1043 2568; x_wconf 90' lang='lat' dir='ltr'>rem</span> <span class='ocrx_word' id='word_1_288' title='bbox 1064 2533 1180 2584; x_wconf 81' lang='lat' dir='ltr'>prorsus</span> <span class='ocrx_word' id='word_1_289' title='bbox 1205 2519 1288 2570; x_wconf 88' lang='lat' dir='ltr'>aliter</span> <span class='ocrx_word' id='word_1_290' title='bbox 1306 2522 1339 2576; x_wconf 84' lang='lat' dir='ltr'>et,</span> 
     </span>
     <span class='ocr_line' id='line_1_33' title="bbox 234 2585 1340 2654; baseline -0.004 -16"><span class='ocrx_word' id='word_1_291' title='bbox 234 2601 285 2638; x_wconf 85' lang='lat' dir='ltr'>sun</span> <span class='ocrx_word' id='word_1_292' title='bbox 318 2587 378 2637; x_wconf 84' lang='lat' dir='ltr'>sive</span> <span class='ocrx_word' id='word_1_293' title='bbox 393 2589 521 2638; x_wconf 87' lang='lat' dir='ltr'>neutrius</span> <span class='ocrx_word' id='word_1_294' title='bbox 535 2588 662 2654; x_wconf 83' lang='lat' dir='ltr'>generis,</span> <span class='ocrx_word' id='word_1_295' title='bbox 678 2593 772 2636; x_wconf 85' lang='lat' dir='ltr'>tameo</span> <span class='ocrx_word' id='word_1_296' title='bbox 809 2591 840 2636; x_wconf 88' lang='lat' dir='ltr'>ut</span> <span class='ocrx_word' id='word_1_297' title='bbox 855 2586 940 2638; x_wconf 86' lang='lat' dir='ltr'>nobis</span> <span class='ocrx_word' id='word_1_298' title='bbox 960 2585 1070 2652; x_wconf 84' lang='lat' dir='ltr'>quidem</span> <span class='ocrx_word' id='word_1_299' title='bbox 1091 2587 1215 2647; x_wconf 80' lang='lat' dir='ltr'>ridetur,</span> <span class='ocrx_word' id='word_1_300' title='bbox 1233 2599 1340 2654; x_wconf 89' lang='lat' dir='ltr'>prorsus</span> 
     </span>
     <span class='ocr_line' id='line_1_34' title="bbox 233 2651 1339 2723; baseline 0 -19"><span class='ocrx_word' id='word_1_301' title='bbox 233 2660 267 2704; x_wconf 87' lang='lat' dir='ltr'>ut</span> <span class='ocrx_word' id='word_1_302' title='bbox 291 2653 428 2708; x_wconf 75' lang='lat' dir='ltr'>feminina</span> <span class='ocrx_word' id='word_1_303' title='bbox 450 2663 608 2708; x_wconf 83' lang='lat' dir='ltr'>struuntur.</span> <span class='ocrx_word' id='word_1_304' title='bbox 638 2657 771 2723; x_wconf 34' lang='lat' dir='ltr'>,Astypa</span> <span class='ocrx_word' id='word_1_305' title='bbox 806 2651 881 2704; x_wconf 85' lang='lat' dir='ltr'>falsu</span> <span class='ocrx_word' id='word_1_306' title='bbox 900 2654 1107 2720; x_wconf 77' lang='lat' dir='ltr'>explicavisset.</span> <span class='ocrx_word' id='word_1_307' title='bbox 1140 2655 1238 2706; x_wconf 77' lang='lat' dir='ltr'>linco</span> <span class='ocrx_word' id='word_1_308' title='bbox 1256 2653 1339 2704; x_wconf 86' lang='lat' dir='ltr'>insula</span> 
     </span>
     <span class='ocr_line' id='line_1_35' title="bbox 233 2721 1340 2789; baseline 0 -17"><span class='ocrx_word' id='word_1_309' title='bbox 233 2721 300 2772; x_wconf 88' lang='lat' dir='ltr'>laea</span> <span class='ocrx_word' id='word_1_310' title='bbox 317 2721 408 2788; x_wconf 80' lang='lat' dir='ltr'>igitur</span> <span class='ocrx_word' id='word_1_311' title='bbox 427 2736 482 2772; x_wconf 89' lang='lat' dir='ltr'>non</span> <span class='ocrx_word' id='word_1_312' title='bbox 500 2723 658 2788; x_wconf 83' lang='lat' dir='ltr'>significat,</span> <span class='ocrx_word' id='word_1_313' title='bbox 678 2737 772 2789; x_wconf 79' lang='lat' dir='ltr'>quem·</span> <span class='ocrx_word' id='word_1_314' title='bbox 806 2735 867 2772; x_wconf 87' lang='lat' dir='ltr'>cnm</span> <span class='ocrx_word' id='word_1_315' title='bbox 902 2721 989 2774; x_wconf 83' lang='lat' dir='ltr'>senrel</span> <span class='ocrx_word' id='word_1_316' title='bbox 1017 2724 1188 2774; x_wconf 83' lang='lat' dir='ltr'>mentionem</span> <span class='ocrx_word' id='word_1_317' title='bbox 1223 2723 1340 2779; x_wconf 74' lang='lat' dir='ltr'>fecerim,</span> 
     </span>
     <span class='ocr_line' id='line_1_36' title="bbox 233 2789 1339 2858; baseline -0.004 -14"><span class='ocrx_word' id='word_1_318' title='bbox 233 2791 385 2844; x_wconf 78' lang='lat' dir='ltr'>admodum</span> <span class='ocrx_word' id='word_1_319' title='bbox 403 2789 587 2856; x_wconf 84' lang='lat' dir='ltr'>interpretari</span> <span class='ocrx_word' id='word_1_320' title='bbox 605 2791 707 2851; x_wconf 87' lang='lat' dir='ltr'>cient,</span> <span class='ocrx_word' id='word_1_321' title='bbox 725 2805 774 2840; x_wconf 86' lang='lat' dir='ltr'>ve·</span> <span class='ocrx_word' id='word_1_322' title='bbox 807 2790 957 2842; x_wconf 87' lang='lat' dir='ltr'>dicendum</span> <span class='ocrx_word' id='word_1_323' title='bbox 979 2795 1064 2856; x_wconf 86' lang='lat' dir='ltr'>puto,</span> <span class='ocrx_word' id='word_1_324' title='bbox 1094 2791 1159 2858; x_wconf 84' lang='lat' dir='ltr'>quid</span> <span class='ocrx_word' id='word_1_325' title='bbox 1191 2793 1339 2842; x_wconf 84' lang='lat' dir='ltr'>existimem</span> 
     </span>
     <span class='ocr_line' id='line_1_37' title="bbox 233 2856 1338 2920; baseline 0 -12"><span class='ocrx_word' id='word_1_326' title='bbox 233 2865 322 2910; x_wconf 87' lang='lat' dir='ltr'>terem</span> <span class='ocrx_word' id='word_1_327' title='bbox 339 2857 438 2908; x_wconf 87' lang='lat' dir='ltr'>urbem</span> <span class='ocrx_word' id='word_1_328' title='bbox 456 2858 484 2910; x_wconf 88' lang='lat' dir='ltr'>id</span> <span class='ocrx_word' id='word_1_329' title='bbox 505 2865 547 2908; x_wconf 82' lang='lat' dir='ltr'>ast</span> <span class='ocrx_word' id='word_1_330' title='bbox 565 2858 703 2920; x_wconf 78' lang='lat' dir='ltr'>Alistadt,</span> <span class='ocrx_word' id='word_1_331' title='bbox 721 2857 772 2908; x_wconf 87' lang='lat' dir='ltr'>scd</span> <span class='ocrx_word' id='word_1_332' title='bbox 807 2860 842 2909; x_wconf 87' lang='lat' dir='ltr'>de</span> <span class='ocrx_word' id='word_1_333' title='bbox 874 2856 918 2910; x_wconf 85' lang='lat' dir='ltr'>his</span> <span class='ocrx_word' id='word_1_334' title='bbox 942 2858 1090 2910; x_wconf 86' lang='lat' dir='ltr'>Strabonis</span> <span class='ocrx_word' id='word_1_335' title='bbox 1130 2861 1240 2920; x_wconf 82' lang='lat' dir='ltr'>verbis,</span> <span class='ocrx_word' id='word_1_336' title='bbox 1269 2859 1338 2918; x_wconf 87' lang='lat' dir='ltr'>XVl,</span> 
     </span>
     <span class='ocr_line' id='line_1_38' title="bbox 233 2921 1338 2996; baseline 0.005 -20"><span class='ocrx_word' id='word_1_337' title='bbox 233 2934 360 2977; x_wconf 84' lang='lat' dir='ltr'>veterem</span> <span class='ocrx_word' id='word_1_338' title='bbox 385 2927 481 2976; x_wconf 82' lang='lat' dir='ltr'>urbem</span> <span class='ocrx_word' id='word_1_339' title='bbox 505 2929 577 2976; x_wconf 73' lang='lat' dir='ltr'>&#39;Astu</span> <span class='ocrx_word' id='word_1_340' title='bbox 602 2927 631 2976; x_wconf 90' lang='lat' dir='ltr'>id</span> <span class='ocrx_word' id='word_1_341' title='bbox 657 2936 699 2976; x_wconf 86' lang='lat' dir='ltr'>est</span> <span class='ocrx_word' id='word_1_342' title='bbox 725 2927 772 2978; x_wconf 87' lang='lat' dir='ltr'>die</span> <span class='ocrx_word' id='word_1_343' title='bbox 806 2927 874 2980; x_wconf 79' lang='lat' dir='ltr'>ott:</span> <span class='ocrx_word' id='word_1_344' title='bbox 915 2921 992 2994; x_wconf 74' lang='grc' dir='ltr'>Ἑξῆς</span> <span class='ocrx_word' id='word_1_345' title='bbox 1023 2922 1097 2978; x_wconf 71' lang='grc' dir='ltr'><strong><em>ἐστὶν</em></strong></span> <span class='ocrx_word' id='word_1_346' title='bbox 1134 2923 1208 2996; x_wconf 80' lang='grc' dir='ltr'><strong><em>ἄκροι</em></strong></span> <span class='ocrx_word' id='word_1_347' title='bbox 1247 2922 1338 2994; x_wconf 81' lang='grc' dir='ltr'><strong><em>Τερμέ-</em></strong></span> 
     </span>
     <span class='ocr_line' id='line_1_39' title="bbox 233 2989 1337 3064; baseline 0.002 -20"><span class='ocrx_word' id='word_1_348' title='bbox 233 2994 293 3044; x_wconf 83' lang='lat' dir='ltr'>alte</span> <span class='ocrx_word' id='word_1_349' title='bbox 320 2995 469 3044; x_wconf 78' lang='lat' dir='ltr'>ostustsut</span> <span class='ocrx_word' id='word_1_350' title='bbox 493 2994 521 3043; x_wconf 90' lang='lat' dir='ltr'>id</span> <span class='ocrx_word' id='word_1_351' title='bbox 550 2999 595 3045; x_wconf 87' lang='lat' dir='ltr'>est</span> <span class='ocrx_word' id='word_1_352' title='bbox 634 2993 680 3044; x_wconf 85' lang='lat' dir='ltr'>(lie</span> <span class='ocrx_word' id='word_1_353' title='bbox 713 2994 772 3046; x_wconf 87' lang='lat' dir='ltr'>alte</span> <span class='ocrx_word' id='word_1_354' title='bbox 808 3012 872 3062; x_wconf 79' lang='grc' dir='ltr'><strong><em>ριον</em></strong></span> <span class='ocrx_word' id='word_1_355' title='bbox 887 2993 1035 3060; x_wconf 78' lang='grc' dir='ltr'><strong><em>Μυνδίων,</em></strong></span> <span class='ocrx_word' id='word_1_356' title='bbox 1056 2989 1123 3047; x_wconf 68' lang='grc' dir='ltr'>καθ’</span> <span class='ocrx_word' id='word_1_357' title='bbox 1140 2989 1175 3064; x_wconf 82' lang='grc' dir='ltr'>ἣν</span> <span class='ocrx_word' id='word_1_358' title='bbox 1193 2991 1337 3050; x_wconf 67' lang='grc' dir='ltr'><strong><em>ἀντίκειται</em></strong></span> 
     </span>
     <span class='ocr_line' id='line_1_40' title="bbox 222 3057 1339 3136; baseline 0.002 -24"><span class='ocrx_word' id='word_1_359' title='bbox 222 3059 407 3136; x_wconf 57' lang='grc' dir='ltr'>7ὃιοοὶοοοᾱί.</span> <span class='ocrx_word' id='word_1_360' title='bbox 442 3062 480 3113; x_wconf 87' lang='lat' dir='ltr'>Ut</span> <span class='ocrx_word' id='word_1_361' title='bbox 509 3076 574 3112; x_wconf 86' lang='lat' dir='ltr'>vero</span> <span class='ocrx_word' id='word_1_362' title='bbox 611 3061 773 3114; x_wconf 89' lang='lat' dir='ltr'>adnomen</span> <span class='ocrx_word' id='word_1_363' title='bbox 806 3065 855 3132; x_wconf 79' lang='grc' dir='ltr'>τῆς</span> <span class='ocrx_word' id='word_1_364' title='bbox 879 3059 963 3133; x_wconf 72' lang='grc' dir='ltr'>Κῴας</span> <span class='ocrx_word' id='word_1_365' title='bbox 985 3057 1058 3129; x_wconf 73' lang='grc' dir='ltr'><strong><em>ἄκρα</em></strong></span> <span class='ocrx_word' id='word_1_366' title='bbox 1081 3065 1265 3131; x_wconf 54' lang='lat' dir='ltr'>&amp;sedenim</span> <span class='ocrx_word' id='word_1_367' title='bbox 1289 3058 1339 3116; x_wconf 75' lang='grc' dir='ltr'><em>διέ-</em></span> 
     </span>
     <span class='ocr_line' id='line_1_41' title="bbox 233 3126 1339 3200; baseline 0.002 -20"><span class='ocrx_word' id='word_1_368' title='bbox 233 3131 297 3190; x_wconf 69' lang='grc' dir='ltr'>Κιὸρ</span> <span class='ocrx_word' id='word_1_369' title='bbox 321 3135 511 3191; x_wconf 80' lang='lat' dir='ltr'>revertamur,</span> <span class='ocrx_word' id='word_1_370' title='bbox 535 3129 566 3180; x_wconf 85' lang='lat' dir='ltr'>irl</span> <span class='ocrx_word' id='word_1_371' title='bbox 593 3145 648 3180; x_wconf 89' lang='lat' dir='ltr'>non</span> <span class='ocrx_word' id='word_1_372' title='bbox 678 3145 695 3181; x_wconf 92' lang='lat' dir='ltr'>a</span> <span class='ocrx_word' id='word_1_373' title='bbox 718 3133 774 3192; x_wconf 70' lang='lat' dir='ltr'>unis</span> <span class='ocrx_word' id='word_1_374' title='bbox 806 3147 896 3200; x_wconf 76' lang='grc' dir='ltr'><strong><em>χοοοοι</em></strong></span> <span class='ocrx_word' id='word_1_375' title='bbox 913 3132 962 3200; x_wconf 81' lang='grc' dir='ltr'>τῆς</span> <span class='ocrx_word' id='word_1_376' title='bbox 983 3126 1103 3199; x_wconf 66' lang='grc' dir='ltr'><strong><em>ἠπείρου</em></strong></span> <span class='ocrx_word' id='word_1_377' title='bbox 1131 3133 1266 3194; x_wconf 74' lang='grc' dir='ltr'>σταδίους</span> <span class='ocrx_word' id='word_1_378' title='bbox 1288 3149 1339 3184; x_wconf 76' lang='lat' dir='ltr'>ess·</span> 
     </span>
     <span class='ocr_line' id='line_1_42' title="bbox 234 3195 1339 3270; baseline 0.001 -20"><span class='ocrx_word' id='word_1_379' title='bbox 234 3197 394 3250; x_wconf 81' lang='lat' dir='ltr'>ducendum</span> <span class='ocrx_word' id='word_1_380' title='bbox 417 3213 494 3260; x_wconf 86' lang='lat' dir='ltr'>esse,</span> <span class='ocrx_word' id='word_1_381' title='bbox 520 3198 633 3250; x_wconf 79' lang='lat' dir='ltr'>uidetur</span> <span class='ocrx_word' id='word_1_382' title='bbox 657 3206 773 3266; x_wconf 81' lang='lat' dir='ltr'>praeter</span> <span class='ocrx_word' id='word_1_383' title='bbox 807 3195 979 3266; x_wconf 78' lang='grc' dir='ltr'><strong><em>ταράκονοο·</em></strong></span> <span class='ocrx_word' id='word_1_384' title='bbox 1010 3196 1067 3252; x_wconf 71' lang='grc' dir='ltr'>ἔστι</span> <span class='ocrx_word' id='word_1_385' title='bbox 1102 3197 1133 3253; x_wconf 73' lang='lat' dir='ltr'>di</span> <span class='ocrx_word' id='word_1_386' title='bbox 1163 3201 1213 3254; x_wconf 80' lang='lat' dir='ltr'>acci</span> <span class='ocrx_word' id='word_1_387' title='bbox 1242 3201 1339 3270; x_wconf 73' lang='grc' dir='ltr'><strong><em>χορίον</em></strong></span> 
     </span>
    </p>
   </div>
   <div class='ocr_carea' id='block_1_8' title="bbox 134 3262 1338 3338">
    <p class='ocr_par' dir='ltr' id='par_1_8' title="bbox 134 3262 1338 3338">
     <span class='ocr_line' id='line_1_43' title="bbox 134 3262 1338 3338; baseline -0.001 -20"><span class='ocrx_word' id='word_1_388' title='bbox 134 3298 137 3304; x_wconf 72' lang='lat'>‚</span> <span class='ocrx_word' id='word_1_389' title='bbox 234 3279 440 3328; x_wconf 74' lang='lat' dir='ltr'>concausam,</span> <span class='ocrx_word' id='word_1_390' title='bbox 460 3266 691 3335; x_wconf 72' lang='lat' dir='ltr'>quamdixinrus,</span> <span class='ocrx_word' id='word_1_391' title='bbox 709 3283 773 3320; x_wconf 90' lang='lat' dir='ltr'>cum</span> <span class='ocrx_word' id='word_1_392' title='bbox 810 3265 951 3335; x_wconf 80' lang='grc' dir='ltr'><strong><em>Τέρμερον</em></strong></span> <span class='ocrx_word' id='word_1_393' title='bbox 970 3262 1040 3335; x_wconf 68' lang='grc' dir='ltr'>ὑπὲρ</span> <span class='ocrx_word' id='word_1_394' title='bbox 1060 3269 1109 3336; x_wconf 83' lang='grc' dir='ltr'>τῆς</span> <span class='ocrx_word' id='word_1_395' title='bbox 1126 3265 1218 3338; x_wconf 72' lang='grc' dir='ltr'><strong><em>Κῴας.</em></strong></span> <span class='ocrx_word' id='word_1_396' title='bbox 1249 3269 1338 3322; x_wconf 79' lang='lat' dir='ltr'>cunie-</span> 
     </span>
    </p>
   </div>
   <div class='ocr_carea' id='block_1_9' title="bbox 233 3334 1338 3404">
    <p class='ocr_par' dir='ltr' id='par_1_9' title="bbox 233 3334 1338 3404">
     <span class='ocr_line' id='line_1_44' title="bbox 233 3334 1338 3404; baseline 0 -16"><span class='ocrx_word' id='word_1_397' title='bbox 233 3351 268 3388; x_wconf 82' lang='lat' dir='ltr'>ex</span> <span class='ocrx_word' id='word_1_398' title='bbox 286 3351 320 3388; x_wconf 88' lang='lat' dir='ltr'>ea</span> <span class='ocrx_word' id='word_1_399' title='bbox 338 3337 460 3396; x_wconf 80' lang='lat' dir='ltr'>ratione,</span> <span class='ocrx_word' id='word_1_400' title='bbox 478 3334 694 3404; x_wconf 71' lang='lat' dir='ltr'>connectitur,</span> <span class='ocrx_word' id='word_1_401' title='bbox 713 3343 772 3386; x_wconf 90' lang='lat' dir='ltr'>tum</span> <span class='ocrx_word' id='word_1_402' title='bbox 808 3346 886 3396; x_wconf 82' lang='lat' dir='ltr'>cerat</span> <span class='ocrx_word' id='word_1_403' title='bbox 915 3337 971 3387; x_wconf 87' lang='lat' dir='ltr'>iarn</span> <span class='ocrx_word' id='word_1_404' title='bbox 997 3338 1171 3398; x_wconf 79' lang='lat' dir='ltr'>Palmarius,</span> <span class='ocrx_word' id='word_1_405' title='bbox 1194 3351 1247 3404; x_wconf 91' lang='lat' dir='ltr'>pro</span> <span class='ocrx_word' id='word_1_406' title='bbox 1273 3334 1338 3403; x_wconf 70' lang='grc' dir='ltr'>ὑπὲρ</span> 
     </span>
    </p>
   </div>
   <div class='ocr_carea' id='block_1_10' title="bbox 151 3402 1338 3472">
    <p class='ocr_par' dir='ltr' id='par_1_10' title="bbox 151 3402 1338 3472">
     <span class='ocr_line' id='line_1_45' title="bbox 151 3402 1338 3472; baseline 0.002 -18"><span class='ocrx_word' id='word_1_407' title='bbox 151 3441 153 3445; x_wconf 45' lang='grc'>,</span> <span class='ocrx_word' id='word_1_408' title='bbox 232 3419 268 3454; x_wconf 86' lang='lat' dir='ltr'>ex</span> <span class='ocrx_word' id='word_1_409' title='bbox 286 3419 322 3454; x_wconf 88' lang='lat' dir='ltr'>eo</span> <span class='ocrx_word' id='word_1_410' title='bbox 339 3405 468 3456; x_wconf 87' lang='lat' dir='ltr'>concludi</span> <span class='ocrx_word' id='word_1_411' title='bbox 485 3405 607 3465; x_wconf 81' lang='lat' dir='ltr'>dabore,</span> <span class='ocrx_word' id='word_1_412' title='bbox 625 3403 698 3472; x_wconf 80' lang='lat' dir='ltr'>quod</span> <span class='ocrx_word' id='word_1_413' title='bbox 714 3404 772 3456; x_wconf 84' lang='lat' dir='ltr'>Plr’·</span> <span class='ocrx_word' id='word_1_414' title='bbox 807 3402 958 3472; x_wconf 73' lang='grc' dir='ltr'>πῆρΚρίας</span> <span class='ocrx_word' id='word_1_415' title='bbox 979 3405 1155 3456; x_wconf 85' lang='lat' dir='ltr'>scribendum</span> <span class='ocrx_word' id='word_1_416' title='bbox 1183 3422 1246 3458; x_wconf 84' lang='lat' dir='ltr'>esse</span> <span class='ocrx_word' id='word_1_417' title='bbox 1274 3402 1338 3471; x_wconf 62' lang='grc' dir='ltr'>ὑπὲρ</span> 
     </span>
    </p>
   </div>
   <div class='ocr_carea' id='block_1_11' title="bbox 169 3467 1340 3607">
    <p class='ocr_par' dir='ltr' id='par_1_11' title="bbox 169 3467 1340 3607">
     <span class='ocr_line' id='line_1_46' title="bbox 169 3467 1340 3544; baseline 0 -21"><span class='ocrx_word' id='word_1_418' title='bbox 169 3509 172 3516; x_wconf 89' lang='grc'>.</span> <span class='ocrx_word' id='word_1_419' title='bbox 197 3506 201 3515; x_wconf 75' lang='lat'><em>,</em></span> <span class='ocrx_word' id='word_1_420' title='bbox 231 3475 305 3534; x_wconf 86' lang='lat' dir='ltr'>nius,</span> <span class='ocrx_word' id='word_1_421' title='bbox 324 3471 358 3535; x_wconf 90' lang='lat' dir='ltr'>V,</span> <span class='ocrx_word' id='word_1_422' title='bbox 383 3473 425 3538; x_wconf 80' lang='lat'>23,</span> <span class='ocrx_word' id='word_1_423' title='bbox 447 3473 477 3524; x_wconf 90' lang='lat' dir='ltr'>in</span> <span class='ocrx_word' id='word_1_424' title='bbox 500 3472 637 3540; x_wconf 80' lang='lat' dir='ltr'>Calymne</span> <span class='ocrx_word' id='word_1_425' title='bbox 663 3488 772 3542; x_wconf 87' lang='lat' dir='ltr'>quoque</span> <span class='ocrx_word' id='word_1_426' title='bbox 807 3467 961 3542; x_wconf 75' lang='grc' dir='ltr'><strong><em>οῆρᾶκρρις</em></strong></span> <span class='ocrx_word' id='word_1_427' title='bbox 985 3471 1259 3544; x_wconf 77' lang='lat' dir='ltr'>intelligendumque</span> <span class='ocrx_word' id='word_1_428' title='bbox 1284 3489 1340 3542; x_wconf 86' lang='lat' dir='ltr'>pro·</span> 
     </span>
     <span class='ocr_line' id='line_1_47' title="bbox 231 3539 1338 3607; baseline 0.002 -15"><span class='ocrx_word' id='word_1_429' title='bbox 231 3539 327 3592; x_wconf 82' lang='lat' dir='ltr'>insula</span> <span class='ocrx_word' id='word_1_430' title='bbox 344 3540 478 3606; x_wconf 89' lang='lat' dir='ltr'>oppidum</span> <span class='ocrx_word' id='word_1_431' title='bbox 496 3541 584 3592; x_wconf 86' lang='lat' dir='ltr'>Coum</span> <span class='ocrx_word' id='word_1_432' title='bbox 605 3556 772 3593; x_wconf 88' lang='lat' dir='ltr'>commemo·</span> <span class='ocrx_word' id='word_1_433' title='bbox 805 3543 1338 3607; x_wconf 73' lang='lat' dir='ltr'>montoriuml&#39;ermcrion:incredibile</span> 
     </span>
    </p>
   </div>
   <div class='ocr_carea' id='block_1_12' title="bbox 145 3607 1340 3676">
    <p class='ocr_par' dir='ltr' id='par_1_12' title="bbox 145 3607 1340 3676">
     <span class='ocr_line' id='line_1_48' title="bbox 145 3607 1340 3676; baseline 0 -14"><span class='ocrx_word' id='word_1_434' title='bbox 145 3661 147 3664; x_wconf 86' lang='grc'><strong>,</strong></span> <span class='ocrx_word' id='word_1_435' title='bbox 231 3615 292 3664; x_wconf 81' lang='lat' dir='ltr'>rat:</span> <span class='ocrx_word' id='word_1_436' title='bbox 311 3607 773 3676; x_wconf 80' lang='lat' dir='ltr'>quodcumuix-statuereliceat</span> <span class='ocrx_word' id='word_1_437' title='bbox 805 3611 880 3662; x_wconf 87' lang='lat' dir='ltr'>enim</span> <span class='ocrx_word' id='word_1_438' title='bbox 899 3625 977 3671; x_wconf 82' lang='lat' dir='ltr'>esse,</span> <span class='ocrx_word' id='word_1_439' title='bbox 1001 3618 1031 3661; x_wconf 85' lang='lat' dir='ltr'>et</span> <span class='ocrx_word' id='word_1_440' title='bbox 1053 3612 1172 3662; x_wconf 81' lang='lat' dir='ltr'>insulam</span> <span class='ocrx_word' id='word_1_441' title='bbox 1201 3619 1231 3662; x_wconf 79' lang='lat' dir='ltr'>et</span> <span class='ocrx_word' id='word_1_442' title='bbox 1256 3612 1340 3664; x_wconf 80' lang='lat' dir='ltr'>costi·</span> 
     </span>
    </p>
   </div>
   <div class='ocr_carea' id='block_1_13' title="bbox 229 3675 1342 4297">
    <p class='ocr_par' dir='ltr' id='par_1_13' title="bbox 229 3675 1342 4297">
     <span class='ocr_line' id='line_1_49' title="bbox 232 3675 1341 3747; baseline 0.003 -19"><span class='ocrx_word' id='word_1_443' title='bbox 232 3677 327 3728; x_wconf 85' lang='lat' dir='ltr'>aCois</span> <span class='ocrx_word' id='word_1_444' title='bbox 348 3675 569 3747; x_wconf 81' lang='lat' dir='ltr'>essecuuditum,</span> <span class='ocrx_word' id='word_1_445' title='bbox 590 3679 771 3746; x_wconf 83' lang='lat' dir='ltr'>intelligitur,</span> <span class='ocrx_word' id='word_1_446' title='bbox 805 3685 915 3730; x_wconf 88' lang='lat' dir='ltr'>nentem</span> <span class='ocrx_word' id='word_1_447' title='bbox 936 3695 1015 3730; x_wconf 87' lang='lat' dir='ltr'>suum</span> <span class='ocrx_word' id='word_1_448' title='bbox 1031 3677 1162 3732; x_wconf 84' lang='lat' dir='ltr'>habuisse</span> <span class='ocrx_word' id='word_1_449' title='bbox 1177 3681 1341 3742; x_wconf 85' lang='lat' dir='ltr'>Termeron,</span> 
     </span>
     <span class='ocr_line' id='line_1_50' title="bbox 232 3745 1341 3815; baseline 0.003 -17"><span class='ocrx_word' id='word_1_450' title='bbox 232 3747 305 3806; x_wconf 70' lang='grc' dir='ltr'><strong><em>Κῶς,</em></strong></span> <span class='ocrx_word' id='word_1_451' title='bbox 323 3745 459 3813; x_wconf 86' lang='lat' dir='ltr'>quidquid</span> <span class='ocrx_word' id='word_1_452' title='bbox 478 3753 539 3808; x_wconf 81' lang='lat' dir='ltr'>est,</span> <span class='ocrx_word' id='word_1_453' title='bbox 557 3748 665 3815; x_wconf 87' lang='lat' dir='ltr'>aliquid</span> <span class='ocrx_word' id='word_1_454' title='bbox 683 3749 771 3815; x_wconf 85' lang='lat' dir='ltr'>signi·</span> <span class='ocrx_word' id='word_1_455' title='bbox 805 3748 970 3815; x_wconf 83' lang='lat' dir='ltr'>praesertim</span> <span class='ocrx_word' id='word_1_456' title='bbox 995 3761 1058 3800; x_wconf 85' lang='lat' dir='ltr'>curn</span> <span class='ocrx_word' id='word_1_457' title='bbox 1076 3753 1303 3815; x_wconf 88' lang='lat' dir='ltr'>promunturium</span> <span class='ocrx_word' id='word_1_458' title='bbox 1324 3764 1341 3801; x_wconf 78' lang='lat' dir='ltr'>a</span> 
     </span>
     <span class='ocr_line' id='line_1_51' title="bbox 231 3814 1340 3892; baseline 0.004 -25"><span class='ocrx_word' id='word_1_459' title='bbox 231 3814 367 3875; x_wconf 80' lang='lat' dir='ltr'>ficauisse,</span> <span class='ocrx_word' id='word_1_460' title='bbox 385 3815 461 3882; x_wconf 81' lang='lat' dir='ltr'>quod</span> <span class='ocrx_word' id='word_1_461' title='bbox 478 3817 546 3884; x_wconf 72' lang='lat' dir='ltr'>quio</span> <span class='ocrx_word' id='word_1_462' title='bbox 568 3817 680 3868; x_wconf 84' lang='lat' dir='ltr'>omnino</span> <span class='ocrx_word' id='word_1_463' title='bbox 698 3814 770 3866; x_wconf 82' lang='lat' dir='ltr'>nibil</span> <span class='ocrx_word' id='word_1_464' title='bbox 804 3819 939 3868; x_wconf 84' lang='lat' dir='ltr'>&#39;l&#39;ermero</span> <span class='ocrx_word' id='word_1_465' title='bbox 966 3817 1084 3868; x_wconf 82' lang='lat' dir='ltr'>castello</span> <span class='ocrx_word' id='word_1_466' title='bbox 1102 3833 1205 3870; x_wconf 88' lang='lat' dir='ltr'>nornen</span> <span class='ocrx_word' id='word_1_467' title='bbox 1228 3833 1340 3892; x_wconf 82' lang='lat' dir='ltr'>accepe-</span> 
     </span>
     <span class='ocr_line' id='line_1_52' title="bbox 231 3882 1341 3952; baseline 0.01 -23"><span class='ocrx_word' id='word_1_468' title='bbox 231 3899 294 3934; x_wconf 69' lang='lat' dir='ltr'>sum</span> <span class='ocrx_word' id='word_1_469' title='bbox 313 3883 385 3950; x_wconf 85' lang='lat' dir='ltr'>pelle</span> <span class='ocrx_word' id='word_1_470' title='bbox 405 3885 471 3936; x_wconf 73' lang='lat' dir='ltr'>(eviii</span> <span class='ocrx_word' id='word_1_471' title='bbox 492 3899 638 3937; x_wconf 87' lang='lat' dir='ltr'>commune</span> <span class='ocrx_word' id='word_1_472' title='bbox 665 3882 769 3936; x_wconf 84' lang='lat' dir='ltr'>babue-</span> <span class='ocrx_word' id='word_1_473' title='bbox 803 3885 852 3938; x_wconf 88' lang='lat' dir='ltr'>rit.</span> <span class='ocrx_word' id='word_1_474' title='bbox 888 3887 918 3936; x_wconf 93' lang='lat' dir='ltr'>ln</span> <span class='ocrx_word' id='word_1_475' title='bbox 939 3901 992 3952; x_wconf 86' lang='lat' dir='ltr'>quo</span> <span class='ocrx_word' id='word_1_476' title='bbox 1011 3887 1038 3937; x_wconf 89' lang='lat' dir='ltr'>ei</span> <span class='ocrx_word' id='word_1_477' title='bbox 1057 3899 1172 3952; x_wconf 86' lang='lat' dir='ltr'>prorsus</span> <span class='ocrx_word' id='word_1_478' title='bbox 1189 3888 1341 3940; x_wconf 71' lang='lat' dir='ltr'>ussntitur</span> 
     </span>
     <span class='ocr_line' id='line_1_53' title="bbox 232 3951 1340 4016; baseline 0.005 -14"><span class='ocrx_word' id='word_1_479' title='bbox 232 3953 280 4013; x_wconf 86' lang='lat' dir='ltr'>rit,</span> <span class='ocrx_word' id='word_1_480' title='bbox 298 3967 349 4002; x_wconf 29' lang='lat' dir='ltr'>neos</span> <span class='ocrx_word' id='word_1_481' title='bbox 368 3960 445 4004; x_wconf 85' lang='lat' dir='ltr'>uerte</span> <span class='ocrx_word' id='word_1_482' title='bbox 462 3967 519 4004; x_wconf 90' lang='lat' dir='ltr'>non</span> <span class='ocrx_word' id='word_1_483' title='bbox 536 3953 707 4008; x_wconf 81' lang='lat' dir='ltr'>dubitamus.</span> <span class='ocrx_word' id='word_1_484' title='bbox 733 3981 769 3992; x_wconf 86' lang='lat'>··-</span> <span class='ocrx_word' id='word_1_485' title='bbox 803 3951 1011 4016; x_wconf 74' lang='lat' dir='ltr'>Groslrnrdius‚</span> <span class='ocrx_word' id='word_1_486' title='bbox 1051 3954 1114 4006; x_wconf 86' lang='lat' dir='ltr'>eius</span> <span class='ocrx_word' id='word_1_487' title='bbox 1150 3956 1340 4008; x_wconf 83' lang='lat' dir='ltr'>coniecturam</span> 
     </span>
     <span class='ocr_line' id='line_1_54' title="bbox 232 4019 1341 4092; baseline 0.002 -20"><span class='ocrx_word' id='word_1_488' title='bbox 232 4019 327 4072; x_wconf 86' lang='lat' dir='ltr'>llodie</span> <span class='ocrx_word' id='word_1_489' title='bbox 353 4019 443 4070; x_wconf 83' lang='lat' dir='ltr'>Coum</span> <span class='ocrx_word' id='word_1_490' title='bbox 472 4022 593 4074; x_wconf 87' lang='lat' dir='ltr'>insulam</span> <span class='ocrx_word' id='word_1_491' title='bbox 626 4021 769 4074; x_wconf 75' lang='lat' dir='ltr'>Stanlsa</span> <span class='ocrx_word' id='word_1_492' title='bbox 802 4022 1017 4088; x_wconf 78' lang='lat' dir='ltr'>interpretatus.</span> <span class='ocrx_word' id='word_1_493' title='bbox 1052 4023 1131 4076; x_wconf 85' lang='lat' dir='ltr'>ldenr</span> <span class='ocrx_word' id='word_1_494' title='bbox 1149 4024 1245 4088; x_wconf 88' lang='lat' dir='ltr'>addit,</span> <span class='ocrx_word' id='word_1_495' title='bbox 1269 4023 1341 4092; x_wconf 77' lang='lat' dir='ltr'>quod</span> 
     </span>
     <span class='ocr_line' id='line_1_55' title="bbox 231 4088 1342 4162; baseline 0.007 -24"><span class='ocrx_word' id='word_1_496' title='bbox 231 4089 286 4140; x_wconf 87' lang='lat' dir='ltr'>dici</span> <span class='ocrx_word' id='word_1_497' title='bbox 310 4095 406 4148; x_wconf 82' lang='lat' dir='ltr'>notum</span> <span class='ocrx_word' id='word_1_498' title='bbox 428 4095 486 4151; x_wconf 84' lang='lat' dir='ltr'>est,</span> <span class='ocrx_word' id='word_1_499' title='bbox 510 4104 566 4142; x_wconf 71' lang='lat' dir='ltr'>reon</span> <span class='ocrx_word' id='word_1_500' title='bbox 591 4091 676 4153; x_wconf 76' lang='lat' dir='ltr'>iterra,</span> <span class='ocrx_word' id='word_1_501' title='bbox 712 4105 768 4158; x_wconf 88' lang='lat' dir='ltr'>quo</span> <span class='ocrx_word' id='word_1_502' title='bbox 804 4091 945 4142; x_wconf 80' lang='lat' dir='ltr'>Grterinns</span> <span class='ocrx_word' id='word_1_503' title='bbox 977 4098 1006 4142; x_wconf 85' lang='lat' dir='ltr'>et</span> <span class='ocrx_word' id='word_1_504' title='bbox 1037 4091 1149 4144; x_wconf 69' lang='lat' dir='ltr'>iboraes</span> <span class='ocrx_word' id='word_1_505' title='bbox 1185 4091 1222 4144; x_wconf 78' lang='lat' dir='ltr'>sd</span> <span class='ocrx_word' id='word_1_506' title='bbox 1260 4088 1342 4162; x_wconf 76' lang='grc' dir='ltr'>Κῴας</span> 
     </span>
     <span class='ocr_line' id='line_1_56' title="bbox 231 4154 1342 4229; baseline 0.004 -21"><span class='ocrx_word' id='word_1_507' title='bbox 231 4157 318 4220; x_wconf 85' lang='lat' dir='ltr'>modo</span> <span class='ocrx_word' id='word_1_508' title='bbox 337 4157 367 4206; x_wconf 88' lang='lat' dir='ltr'>id</span> <span class='ocrx_word' id='word_1_509' title='bbox 387 4171 486 4210; x_wconf 86' lang='lat' dir='ltr'>nomen</span> <span class='ocrx_word' id='word_1_510' title='bbox 505 4167 599 4212; x_wconf 84' lang='lat' dir='ltr'>ortum</span> <span class='ocrx_word' id='word_1_511' title='bbox 616 4159 664 4211; x_wconf 88' lang='lat' dir='ltr'>sit.</span> <span class='ocrx_word' id='word_1_512' title='bbox 686 4159 768 4226; x_wconf 75' lang='lat' dir='ltr'>Apud</span> <span class='ocrx_word' id='word_1_513' title='bbox 803 4160 970 4226; x_wconf 82' lang='lat' dir='ltr'>supplerent</span> <span class='ocrx_word' id='word_1_514' title='bbox 987 4154 1084 4226; x_wconf 76' lang='grc' dir='ltr'><strong><em>ἄκρας,</em></strong></span> <span class='ocrx_word' id='word_1_515' title='bbox 1105 4164 1199 4229; x_wconf 83' lang='lat' dir='ltr'>(quam</span> <span class='ocrx_word' id='word_1_516' title='bbox 1218 4160 1342 4214; x_wconf 72' lang='lat' dir='ltr'>Souda-</span> 
     </span>
     <span class='ocr_line' id='line_1_57' title="bbox 229 4225 1342 4297; baseline 0.004 -19"><span class='ocrx_word' id='word_1_517' title='bbox 229 4225 404 4293; x_wconf 86' lang='lat' dir='ltr'>posteriores</span> <span class='ocrx_word' id='word_1_518' title='bbox 426 4225 520 4294; x_wconf 77' lang='lat' dir='ltr'>igitur</span> <span class='ocrx_word' id='word_1_519' title='bbox 535 4227 662 4282; x_wconf 80' lang='lat' dir='ltr'>Graecos</span> <span class='ocrx_word' id='word_1_520' title='bbox 679 4241 769 4281; x_wconf 82' lang='lat' dir='ltr'>exam·</span> <span class='ocrx_word' id='word_1_521' title='bbox 802 4229 873 4282; x_wconf 78' lang='lat' dir='ltr'>riam</span> <span class='ocrx_word' id='word_1_522' title='bbox 881 4229 1056 4297; x_wconf 72' lang='lat' dir='ltr'>intelligunt,</span> <span class='ocrx_word' id='word_1_523' title='bbox 1071 4245 1135 4282; x_wconf 85' lang='lat' dir='ltr'>nuru</span> <span class='ocrx_word' id='word_1_524' title='bbox 1149 4225 1259 4297; x_wconf 69' lang='lat' dir='ltr'>meunt.</span> <span class='ocrx_word' id='word_1_525' title='bbox 1274 4231 1342 4284; x_wconf 84' lang='lat' dir='ltr'>Ter·</span> 
     </span>
    </p>
   </div>
   <div class='ocr_carea' id='block_1_14' title="bbox 0 0 1440 4814">
    <p class='ocr_par' dir='ltr' id='par_1_14' title="bbox 0 0 1440 4814">
     <span class='ocr_line' id='line_1_58' title="bbox 0 0 1440 4814; baseline 0 0"><span class='ocrx_word' id='word_1_526' title='bbox 0 0 1440 4814; x_wconf 95' lang='lat' dir='ltr'> </span> 
     </span>
    </p>
   </div>
  </div>
 </body>
</html>
