2872 4814
319 263 407 388 Ὶ;ΗΣ
427 325 654 388 ‘Marma
677 323 923 390 ΘΑΛΑΣΣΗΣ.
1108 319 1171 394 2le

77 516 188 596 Τιίμοον
207 508 363 594 κανᾶχθης
383 511 427 588 εἰς
439 517 552 594 Δῆλον.
572 506 649 579 ’aiod
671 505 936 594 Mdadou...r‘p‘rrc
959 509 1023 576 dori
1044 507 1095 576 iul
1115 517 1172 596 τῆς

70 613 218 698 ἰιΐιιινῆςι
243 615 324 678 crud.
347 611 417 700 pp'·
438 611 575 688 πλεύσεις
596 611 630 676 δὲ
651 601 701 674 dod
719 617 782 676 τῶν
795 615 958 696 Κορσικοῖν
976 610 1095 694 καὶτῆς
1118 616 1170 676 Τε-

71 715 151 798 lr'pou
178 714 229 780 sol
257 721 312 798 τῆς
331 709 493 780 Κνλῦὃνοο
519 705 571 777 nol
596 718 651 796 τῆς
668 711 811 796 ‘Oppidius
831 709 934 796 λαβὼν
953 713 1024 778 uida
1044 711 1095 776 ἐπὶ
1118 708 1172 792 τὰς

69 815 259 900 Ἀμονργίος·
288 812 344 897 τήν
365 838 402 877 ,τε
425 810 587 876 Νὸσονσον
604 811 667 896 Ι,καὶ
693 810 751 895 τὴν
773 809 879 890 Νάξον
899 809 949 876 nal
969 809 1027 894 τὴν
1047 811 1172 878 Κύδνον

70 918 111 999 ἔχε
130 913 247 994 δεξιὰν·
269 915 321 982 ἔον
341 914 373 980 δὲ
395 913 489 1000 θέλῃς
509 908 559 976 dod
580 907 683 996 νήσων
702 911 820 990 πλέειν,
843 910 939 988 οὕτως
959 913 1066 990 πλέοις.

72 1083 97 1140 io
121 1081 234 1140 Delum.
255 1081 281 1140 A
307 1080 446 1160 Myndo.
468 1119 475 1136 .
496 1119 505 1136 .
526 1119 553 1151 .,
579 1097 654 1156 quae
680 1077 763 1136 abest
789 1077 826 1136 alr
851 1078 950 1136 Attica
970 1079 1066 1138 stadia
1086 1079 1167 1139 150⁰.

71 1158 221 1238 Navigabis
248 1168 345 1216 autem
372 1176 425 1234 per
453 1153 602 1214 Ceruarias
634 1164 664 1212 et
684 1153 781 1212 Leton
810 1163 845 1212 et‘
865 1152 1009 1234 Calydnae
1033 1166 1064 1213 et
1089 1155 1181 1214 Hor·

71 1233 159 1292 bidem
181 1276 187 1286 .
208 1274 215 1291 .
239 1277 246 1291 .
267 1275 274 1290 .
295 1233 350 1291 hoc
369 1250 456 1290 cursu
485 1241 571 1306 capto
607 1232 715 1308 naviga
743 1229 781 1287 ad
813 1232 972 1310 Amorgon.
1017 1230 1170 1291 Donusam

72 1321 159 1368 autern
178 1319 208 1366 et
227 1308 333 1368 Naxon
354 1319 384 1366 et
402 1306 425 1365 C
447 1307 549 1364 thnum
577 1306 650 1364 heire
677 1305 715 1363 ad
735 1307 903 1383 dexteram3
934 1309 981 1364 sin
1000 1309 1097 1370 auteur
1116 1328 1169 1367 vo-

71 1389 108 1443 les
127 1405 178 1463 per
196 1387 307 1444 insulas
328 1329 469 1462 Cycladas
490 1385 644 1463 navigare,
664 1383 741 1442 huuc
761 1384 858 1458 capito
878 1401 1004 1442 cursum.

68 1630 146 1682 supra
161 1614 281 1667 mediam
304 1611 443 1672 insolam,
468 1609 596 1676 alterum,
629 1611 706 1664 mine
729 1611 791 1665 ullo
821 1612 905 1666 inodo
940 1613 1064 1666 dubitari
1091 1615 1170 1680 licet,

69 1687 212 1749 minorem,
234 1680 312 1734 infra
326 1681 445 1733 mediam
463 1681 595 1734 insulam.
630 1686 722 1733 tamen
742 1681 878 1735 credibile
894 1683 942 1735 rix
963 1689 1022 1744 est,
1048 1699 1097 1736 eas
1115 1682 1170 1736 hoc

70 1753 136 1816 Quid
153 1752 201 1806 uni
221 1751 332 1819 Τείμον
348 1750 535 1819 signiticaret,
552 1765 596 1802 as·
629 1747 695 1802 loco
728 1759 872 1804 auctorem
912 1752 1012 1819 peripli
1044 1753 1171 1822 intelligi
1243 1813 1245 1820 Α

60 1817 140 1890 'sequi
157 1835 213 1872 non
232 1821 382 1890 potuimus.
629 1819 765 1873 voluisse:
795 1821 826 1871 id
856 1822 931 1872 enirn
963 1826 1081 1887 propter
1107 1833 1170 1873 eur-

98 1893 122 1955 i)
148 1893 224 1942 ilaec
254 1889 342 1941 rerba
373 1887 492 1954 quisque
516 1884 596 1938 ridet
629 1900 705 1948 suni,
737 1903 821 1958 quern
847 1905 911 1941 eurn
937 1896 966 1940 te
1006 1891 1062 1942 isse
1084 1905 1100 1942 e
1125 1905 1169 1942 se·

69 1973 116 2010 non
134 1959 409 2026 esse-integra,qua
432 1962 525 2007 tamen
551 1970 595 2006 ra·
629 1957 782 2025 quentibus
816 1958 953 2026 colligere
1000 1960 1073 2026 icet,
1107 1959 1171 2030 fieri

68 2030 140 2080 tione
152 2026 332 2080 restituenda
344 2028 403 2076 rint
416 2023 596 2077 veliementer
629 2041 686 2076 noo
710 2033 814 2096 potest.
857 2028 930 2080 Nam
960 2026 986 2079 si
1012 2044 1031 2080 a
1058 2028 1170 2096 Myndo
1242 2049 1249 2059 ’

69 2103 107 2146 est
129 2095 266 2148 lubricum
289 2101 427 2147 statuere.
469 2091 498 2144 Si
525 2091 594 2161 quid
629 2098 725 2162 (atque
744 2096 779 2146 ab
796 2093 850 2150 hae
873 2095 943 2148 urbe
968 2101 1082 2163 oportet
1106 2111 1169 2149 eur·

69 2165 199 2217 coniicere
220 2165 305 2226 licet,
331 2169 462 2230 putamus
487 2162 523 2213 ab
542 2159 595 2212 hoo
612 2179 676 2216 isus
694 2163 851 2231 inceperit,
871 2165 938 2234 quia
955 2163 1024 2216 liaeo
1042 2171 1170 2219 extrema

68 2233 198 2301 scriptore
223 2231 371 2285 Sunium
392 2230 465 2292 diei,
488 2238 520 2280 ut
537 2228 595 2280 ior·
628 2232 696 2283 urbs
714 2239 773 2296 est,
790 2248 872 2301 ,queo
896 2249 986 2301 usque
1015 2231 1069 2283 lruc
1095 2248 1170 2286 eom·

69 2309 135 2354 tasse
157 2301 228 2355 lraec
250 2301 309 2354 iere
334 2301 476 2352 sententia
500 2298 597 2349 rerbo·
629 2308 786 2352 memorata
803 2308 865 2370 est,
891 2301 967 2369 quod
991 2303 1077 2354 etiarn
1102 2308 1170 2369 post

69 2384 121 2421 run
162 2377 335 2422 nontamen
366 2369 429 2435 ipsa
457 2367 596 2436 scriptura
630 2369 713 2437 plane
740 2370 934 2432 confirmatur,
959 2370 1006 2421 nbi
1034 2371 1070 2422 ad
1095 2367 1169 2422 hano
1230 2415 1233 2420 .

70 2440 113 2492 rit:
130 2436 188 2492 Από
207 2434 331 2492 Μύνδον
349 2431 397 2490 ἐπὶ
415 2431 447 2490 τὸ
463 2433 596 2496 Σούνιον,
631 2452 710 2490 orani
742 2448 843 2509 auctor
880 2441 983 2508 peripli
1014 2441 1170 2492 revertitur

69 2501 233 2579 οἶνροτήριον
250 2506 438 2578 τῆςΑννινῆς.
459 2505 595 2558 Utroudo
631 2508 765 2576 urbisque
803 2507 1001 2576 Bargylieosia
1048 2510 1169 2560 mentio-

69 2577 135 2641 diri,
160 2579 254 2628 oratio
278 2575 336 2629 alia
362 2574 432 2639 fuit,
458 2571 509 2626 sed
534 2579 596 2624 tao·
630 2591 692 2628 neor
725 2577 818 2640 facin)
844 2577 868 2627 si
904 2579 995 2646 igitur
1020 2591 1121 2628 cursus
1150 2592 1170 2629 a

68 2651 118 2696 tuor
134 2647 295 2716 significare
319 2644 414 2708 volui,
440 2643 509 2713 quid
526 2639 596 2694 mihi
630 2643 739 2712 Myndo
759 2661 809 2712 per
827 2646 935 2698 insulas
957 2647 1043 2698 roario
1062 2645 1170 2715 Aegaei

68 2711 113 2766 hoc
135 2715 198 2767 loeo
228 2715 375 2766 videretur
398 2716 524 2780 scriptor
548 2723 595 2760 vo·
631 2730 718 2784 usque
744 2715 780 2766 ad
806 2715 917 2767 Atticae
942 2719 1170 2782 promontorium

66 2781 143 2836 luisse
160 2784 264 2837 dicere.
299 2785 339 2836 nc
362 2795 494 2834 mensura
517 2780 594 2831 nrilio
630 2782 745 2834 Sunium
767 2782 954 2847 describitur,
978 2798 1095 2853 comque
1114 2789 1170 2836 sta·

66 2853 276 2920 quingentorum
303 2851 477 2912 stadiorum,
502 2849 595 2900 idest
629 2853 680 2902 tim
708 2852 840 2919 deinceps
865 2853 991 2915 dicatur,
1016 2855 1092 2904 inter
1116 2847 1170 2906 Le·
1216 2904 1220 2914 ,

66 2923 141 3037 paulo
163 2922 226 2990 plus
257 2920 378 2988 triginta
401 2925 508 2987 septem
535 2917 595 2968 nril·
630 2935 692 2972 runr
711 2936 773 2973 esse
801 2920 1014 2990 Calydnanrque
1033 2922 1170 2991 navigan·

77 2989 220 3053 ariorum,
246 3003 301 3043 non
319 2989 432 3040 ridetur
451 2989 525 3040 iusto
546 2987 595 3037 nii·
630 2989 710 3052 duro,
730 2989 865 3042 credibile
893 3005 949 3042 non
974 2996 1034 3054 est,
1058 2991 1170 3043 insulas

65 3071 110 3109 nor
127 3058 251 3126 putanda
270 3073 341 3111 esse.
376 3057 448 3109 Sunt
466 3071 534 3108 sane
553 3056 596 3106 in·
630 3060 761 3118 corseas,
779 3074 851 3126 quae
871 3064 929 3110 iarn
947 3059 1033 3129 longe
1051 3060 1088 3111 ad
1106 3075 1170 3128 scp-

65 3125 149 3188 sulae‚
174 3143 246 3196 quae
271 3126 412 3196 quondar'n
440 3125 594 3178 Corsiae
629 3127 799 3180 tentrionern
817 3129 929 3190 iacent,
955 3126 1008 3190 hoe
1025 3129 1169 3182 cseeloco

65 3194 116 3247 sire
135 3196 294 3249 Corseaa
316 3195 409 3248 diotae
430 3201 509 3246 sunt:
528 3194 595 3244 Cor·
630 3205 870 3248 commemoratos.
908 3198 970 3258 Quo
990 3198 1117 3264 accedit,
1137 3202 1170 3247 ut

64 3263 113 3315 sias
127 3263 229 3317 Strabo
248 3264 326 3326 dicit,
345 3266 460 3316 corseas
476 3263 604 3324 Plinius‚.
629 3264 714 3315 etiam
729 3271 841 3331 posteo,
863 3265 912 3315 ubi
930 3267 990 3316 sine
1005 3261 1169 3317 controver-

65 3329 101 3394 v,
118 3333 166 3396 31,
191 3340 219 3385 et
237 3331 411 3400 Stephanus,
433 3333 480 3402 qui
498 3338 594 3383 tamen
627 3333 671 3382 sia
705 3335 814 3384 insulae
844 3333 993 3384 Coraasiae
1026 3333 1168 3397 dicuntur,

64 3413 112 3451 uon
129 3403 240 3469 plures,
265 3403 315 3454 sed
337 3417 420 3453 unarn
445 3403 487 3453 ita
511 3413 595 3450 roeo·
627 3397 697 3462 hae,
714 3402 938 3469 quotiescunque
956 3401 986 3451 id
1007 3401 1052 3464 lit,
1079 3403 1167 3453 cor·

65 3473 114 3518 tarn
132 3487 194 3522 esse
214 3470 294 3536 dicit,
315 3484 379 3522 naor
395 3465 534 3538 deoror,
551 3469 593 3519 in·
626 3470 700 3521 siae
718 3471 856 3522 dicantur.
879 3471 938 3522 Neo
955 3475 1049 3521 tamen
1067 3468 1109 3520 sic
1126 3471 1167 3522 lo·

66 3537 132 3601 quit,
149 3541 233 3607 νῆσος
262 3540 312 3608 τῆς
331 3532 446 3606 Ἰωνίας,
476 3529 592 3604 οἷννιιιοιὶ
627 3550 677 3589 cus
701 3539 758 3590 ullo
784 3539 867 3590 niodo
889 3539 1066 3601 restituitur,
1098 3553 1168 3590 nani

65 3601 165 3674 Σάμον.
190 3602 336 3670 Ἑκαταῖος
350 3603 482 3678 Εὐρώπῃ.
508 3601 593 3674 Ἡρω-
626 3607 687 3658 neri
704 3622 758 3658 non
774 3613 876 3675 potest,
895 3616 925 3658 ut
941 3608 1087 3658 Corassiae
1101 3613 1167 3660 eote

65 3671 155 3738 dravo'e
171 3676 297 3744 Kopoloe,
319 3671 368 3730 διοὶ
385 3678 437 3729 τοῦ
457 3695 476 3743 ι,
494 3673 543 3728 not
559 3667 592 3728 cd
627 3675 728 3727 Letum
740 3676 966 3746 Calymuanrqne,
985 3677 1118 3745 aquibus
1131 3674 1168 3728 ed

64 3734 177 3798 ἐθνικόν
200 3740 368 3814 Κορσεάτης.
416 3745 496 3798 sitae
527 3749 593 3795 aunt
628 3745 804 3797 occidentem
830 3754 896 3797 suot
914 3747 1002 3808 sitae,
1026 3745 1185 3816 dicantur.¹

62 3808 128 3862 inter
152 3813 266 3865 lcarurn
292 3821 321 3866 et
346 3811 459 3866 Samum
483 3827 593 3866 earum·
626 3815 779 3873 Autonoen,
795 3829 962 3884 quamquam
974 3812 1169 3883 apographum

63 3891 109 3944 que
136 3882 259 3935 maxima
292 3882 388 3935 media
413 3886 489 3934 inter
521 3880 593 3932 duas
627 3886 685 3934 tarn
710 3883 874 3934 mendosum
897 3883 1088 3951 vitiosumque
1113 3890 1169 3946 est,

63 3948 177 4003 minores
202 3957 261 4014 est,
295 3967 366 4020 quas
393 3965 488 4003 ornnes
517 3963 592 4000 conr·
627 3959 661 4001 ut
682 3950 753 4003 nihil
779 3954 868 4020 possit
895 3965 956 4003 ease
983 3967 1086 4018 supra,
1111 3967 1168 4004 non

63 4015 148 4079 piures
173 4015 281 4086 s‘copuli
313 4019 437 4089 undique
464 4019 589 4086 cingunt.
625 4018 713 4073 focile
746 4019 939 4086 deprehendas
972 4021 1186 4088 transpositio·¹
1256 4075 1259 4084 Ι

62 4085 238 4152 Appellantur
250 4103 325 4141 nunc
342 4106 359 4141 a
376 4088 494 4140 'l'urni
507 4089 590 4149 l'l'ur·
626 4103 676 4140 nes
694 4091 861 4150 verborum,
879 4095 911 4140 ut
932 4103 967 4140 ne
985 4087 1036 4139 lrac
1054 4089 1168 4156 quidem

63 4152 87 4201 ul
110 4155 221 4219 loselrr).
263 4159 300 4210 At
327 4173 398 4211 veru
426 4169 592 4226 quamquam
613 4157 739 4215 ,ratione
767 4157 921 4226 quidquam
948 4157 1095 4225 corrigere
1119 4173 1167 4209 au·

63 4233 108 4274 uec
126 4226 160 4279 de
177 4225 279 4281 insulis
296 4241 349 4282 aec
369 4229 405 4281 de
426 4239 525 4280 earum
542 4237 592 4278 uo·
626 4225 752 4282 decorus.
776 4227 853 4296 Ergo
870 4227 895 4279 si
913 4226 1001 4280 verbo
1020 4226 1076 4281 scio
1093 4229 1167 4295 Kop-
