<?xml version="1.0" encoding="UTF-8"?>
<!DOCTYPE html PUBLIC "-//W3C//DTD XHTML 1.0 Transitional//EN"
    "http://www.w3.org/TR/xhtml1/DTD/xhtml1-transitional.dtd">
<html xmlns="http://www.w3.org/1999/xhtml" xml:lang="en" lang="en">
 <head>
  <title>
</title>
<meta http-equiv="Content-Type" content="text/html;charset=utf-8" />
  <meta name='ocr-system' content='tesseract 3.04.00' />
  <meta name='ocr-capabilities' content='ocr_page ocr_carea ocr_par ocr_line ocrx_word'/>
</head>
<body>
  <div class='ocr_page' id='page_1' title='image "./marcianiperiplu00menigoog_0312.png"; bbox 0 0 2872 4814; ppageno 0'>
   <div class='ocr_carea' id='block_1_1' title="bbox 339 385 1204 455">
    <p class='ocr_par' dir='ltr' id='par_1_1' title="bbox 339 385 1204 455">
     <span class='ocr_line' id='line_1_1' title="bbox 339 385 1204 455; baseline 0.01 -9"><span class='ocrx_word' id='word_1_1' title='bbox 339 385 428 446; x_wconf 84' lang='grc' dir='ltr'>ΤΗΣ</span> <span class='ocrx_word' id='word_1_2' title='bbox 452 386 673 451; x_wconf 69' lang='lat' dir='ltr'>Messalae</span> <span class='ocrx_word' id='word_1_3' title='bbox 701 385 945 450; x_wconf 65' lang='lat' dir='ltr'>cumae.</span> <span class='ocrx_word' id='word_1_4' title='bbox 1141 390 1204 455; x_wconf 53' lang='grc' dir='ltr'><strong><em>Μ</em></strong></span> 
     </span>
    </p>
   </div>
   <div class='ocr_carea' id='block_1_2' title="bbox 15 567 1282 4382">
    <p class='ocr_par' dir='ltr' id='par_1_2' title="bbox 15 567 1282 4382">
     <span class='ocr_line' id='line_1_2' title="bbox 77 567 1202 638; baseline 0.005 -18"><span class='ocrx_word' id='word_1_5' title='bbox 77 568 283 624; x_wconf 74' lang='lat' dir='ltr'>conficiendum</span> <span class='ocrx_word' id='word_1_6' title='bbox 302 577 364 632; x_wconf 81' lang='lat' dir='ltr'>est,</span> <span class='ocrx_word' id='word_1_7' title='bbox 382 569 457 623; x_wconf 87' lang='lat' dir='ltr'>unde</span> <span class='ocrx_word' id='word_1_8' title='bbox 475 567 529 624; x_wconf 87' lang='lat' dir='ltr'>hoc</span> <span class='ocrx_word' id='word_1_9' title='bbox 551 585 615 638; x_wconf 86' lang='lat' dir='ltr'>pro·</span> <span class='ocrx_word' id='word_1_10' title='bbox 655 573 801 625; x_wconf 81' lang='lat' dir='ltr'>veneratio</span> <span class='ocrx_word' id='word_1_11' title='bbox 817 588 850 624; x_wconf 83' lang='lat' dir='ltr'>ac</span> <span class='ocrx_word' id='word_1_12' title='bbox 864 573 1046 624; x_wconf 85' lang='lat' dir='ltr'>simulacrum</span> <span class='ocrx_word' id='word_1_13' title='bbox 1055 571 1131 633; x_wconf 57' lang='lat' dir='ltr'>‚deae</span> <span class='ocrx_word' id='word_1_14' title='bbox 1146 572 1202 626; x_wconf 84' lang='lat' dir='ltr'>Ve-</span> 
     </span>
     <span class='ocr_line' id='line_1_3' title="bbox 79 637 1201 708; baseline 0.002 -18"><span class='ocrx_word' id='word_1_15' title='bbox 79 639 245 690; x_wconf 90' lang='lat' dir='ltr'>montorium</span> <span class='ocrx_word' id='word_1_16' title='bbox 267 637 499 694; x_wconf 80' lang='lat' dir='ltr'>hocllcamantis</span> <span class='ocrx_word' id='word_1_17' title='bbox 518 654 620 692; x_wconf 87' lang='lat' dir='ltr'>nomen</span> <span class='ocrx_word' id='word_1_18' title='bbox 656 641 741 692; x_wconf 86' lang='lat' dir='ltr'>neris.</span> <span class='ocrx_word' id='word_1_19' title='bbox 777 643 883 702; x_wconf 81' lang='lat' dir='ltr'>&#39;Panion</span> <span class='ocrx_word' id='word_1_20' title='bbox 915 641 1011 695; x_wconf 86' lang='lat' dir='ltr'>Venus</span> <span class='ocrx_word' id='word_1_21' title='bbox 1039 657 1089 708; x_wconf 89' lang='lat' dir='ltr'>per</span> <span class='ocrx_word' id='word_1_22' title='bbox 1114 640 1201 692; x_wconf 86' lang='lat' dir='ltr'>Grae-</span> 
     </span>
     <span class='ocr_line' id='line_1_4' title="bbox 79 704 1201 776; baseline 0.002 -18"><span class='ocrx_word' id='word_1_23' title='bbox 79 705 231 774; x_wconf 83' lang='lat' dir='ltr'>acceperit,</span> <span class='ocrx_word' id='word_1_24' title='bbox 257 704 309 758; x_wconf 90' lang='lat' dir='ltr'>hoc</span> <span class='ocrx_word' id='word_1_25' title='bbox 333 709 524 775; x_wconf 82' lang='lat' dir='ltr'>suspicamur,</span> <span class='ocrx_word' id='word_1_26' title='bbox 550 725 620 770; x_wconf 88' lang='lat' dir='ltr'>cnm,</span> <span class='ocrx_word' id='word_1_27' title='bbox 656 721 705 760; x_wconf 87' lang='lat' dir='ltr'>cos</span> <span class='ocrx_word' id='word_1_28' title='bbox 725 709 836 761; x_wconf 86' lang='lat' dir='ltr'>demum</span> <span class='ocrx_word' id='word_1_29' title='bbox 854 705 933 762; x_wconf 81' lang='lat' dir='ltr'>iacta</span> <span class='ocrx_word' id='word_1_30' title='bbox 951 716 1012 776; x_wconf 85' lang='lat' dir='ltr'>est,</span> <span class='ocrx_word' id='word_1_31' title='bbox 1031 725 1092 761; x_wconf 86' lang='lat' dir='ltr'>cum</span> <span class='ocrx_word' id='word_1_32' title='bbox 1112 709 1201 760; x_wconf 85' lang='lat' dir='ltr'>Phoe-</span> 
     </span>
     <span class='ocr_line' id='line_1_5' title="bbox 78 773 1201 844; baseline 0 -16"><span class='ocrx_word' id='word_1_33' title='bbox 78 778 123 844; x_wconf 92' lang='lat' dir='ltr'>qui</span> <span class='ocrx_word' id='word_1_34' title='bbox 148 777 180 828; x_wconf 91' lang='lat' dir='ltr'>id</span> <span class='ocrx_word' id='word_1_35' title='bbox 213 773 383 828; x_wconf 82' lang='lat' dir='ltr'>circumvehi</span> <span class='ocrx_word' id='word_1_36' title='bbox 413 777 562 844; x_wconf 80' lang='lat' dir='ltr'>solebant,</span> <span class='ocrx_word' id='word_1_37' title='bbox 591 777 623 828; x_wconf 87' lang='lat' dir='ltr'>id</span> <span class='ocrx_word' id='word_1_38' title='bbox 657 779 766 830; x_wconf 73' lang='lat' dir='ltr'>nisibus</span> <span class='ocrx_word' id='word_1_39' title='bbox 785 778 838 830; x_wconf 87' lang='lat' dir='ltr'>dea</span> <span class='ocrx_word' id='word_1_40' title='bbox 858 785 935 832; x_wconf 87' lang='lat' dir='ltr'>esset</span> <span class='ocrx_word' id='word_1_41' title='bbox 953 779 1026 839; x_wconf 81' lang='lat' dir='ltr'>alia,</span> <span class='ocrx_word' id='word_1_42' title='bbox 1046 794 1128 843; x_wconf 80' lang='lat' dir='ltr'>quam</span> <span class='ocrx_word' id='word_1_43' title='bbox 1148 779 1201 830; x_wconf 88' lang='lat' dir='ltr'>etsi</span> 
     </span>
     <span class='ocr_line' id='line_1_6' title="bbox 80 843 1202 914; baseline 0 -18"><span class='ocrx_word' id='word_1_44' title='bbox 80 843 153 896; x_wconf 86' lang='lat' dir='ltr'>silvis</span> <span class='ocrx_word' id='word_1_45' title='bbox 191 844 369 896; x_wconf 81' lang='lat' dir='ltr'>densissimis</span> <span class='ocrx_word' id='word_1_46' title='bbox 416 845 557 898; x_wconf 84' lang='lat' dir='ltr'>obtectum</span> <span class='ocrx_word' id='word_1_47' title='bbox 582 846 623 896; x_wconf 84' lang='lat' dir='ltr'>vi·</span> <span class='ocrx_word' id='word_1_48' title='bbox 658 847 769 909; x_wconf 84' lang='lat' dir='ltr'>Graeci,</span> <span class='ocrx_word' id='word_1_49' title='bbox 788 863 850 898; x_wconf 88' lang='lat' dir='ltr'>eum</span> <span class='ocrx_word' id='word_1_50' title='bbox 878 848 1002 914; x_wconf 77' lang='lat' dir='ltr'>antiquis</span> <span class='ocrx_word' id='word_1_51' title='bbox 1019 847 1122 898; x_wconf 90' lang='lat' dir='ltr'>incolis</span> <span class='ocrx_word' id='word_1_52' title='bbox 1139 861 1202 898; x_wconf 88' lang='lat' dir='ltr'>con-</span> 
     </span>
     <span class='ocr_line' id='line_1_7' title="bbox 28 907 1204 984; baseline 0.002 -20"><span class='ocrx_word' id='word_1_53' title='bbox 28 907 30 914; x_wconf 56' lang='lat'><strong>⁴</strong></span> <span class='ocrx_word' id='word_1_54' title='bbox 80 913 174 966; x_wconf 85' lang='lat' dir='ltr'>derent</span> <span class='ocrx_word' id='word_1_55' title='bbox 201 920 231 966; x_wconf 86' lang='lat' dir='ltr'>et</span> <span class='ocrx_word' id='word_1_56' title='bbox 258 914 339 980; x_wconf 90' lang='lat' dir='ltr'>quasi</span> <span class='ocrx_word' id='word_1_57' title='bbox 364 914 438 966; x_wconf 89' lang='lat' dir='ltr'>mole</span> <span class='ocrx_word' id='word_1_58' title='bbox 463 929 561 968; x_wconf 88' lang='lat' dir='ltr'>eorum</span> <span class='ocrx_word' id='word_1_59' title='bbox 581 913 623 966; x_wconf 88' lang='lat' dir='ltr'>la·</span> <span class='ocrx_word' id='word_1_60' title='bbox 657 916 775 977; x_wconf 84' lang='lat' dir='ltr'>sociati,</span> <span class='ocrx_word' id='word_1_61' title='bbox 794 917 903 982; x_wconf 87' lang='lat' dir='ltr'>pariter</span> <span class='ocrx_word' id='word_1_62' title='bbox 920 923 1007 984; x_wconf 85' lang='lat' dir='ltr'>atque</span> <span class='ocrx_word' id='word_1_63' title='bbox 1025 913 1055 966; x_wconf 93' lang='lat' dir='ltr'>bi</span> <span class='ocrx_word' id='word_1_64' title='bbox 1073 917 1204 968; x_wconf 86' lang='lat' dir='ltr'>venerari</span> 
     </span>
     <span class='ocr_line' id='line_1_8' title="bbox 80 976 1203 1052; baseline 0.001 -19"><span class='ocrx_word' id='word_1_65' title='bbox 80 982 194 1046; x_wconf 81' lang='lat' dir='ltr'>borona,</span> <span class='ocrx_word' id='word_1_66' title='bbox 230 997 279 1034; x_wconf 87' lang='lat' dir='ltr'>ecs</span> <span class='ocrx_word' id='word_1_67' title='bbox 305 981 337 1033; x_wconf 88' lang='lat' dir='ltr'>id</span> <span class='ocrx_word' id='word_1_68' title='bbox 369 976 478 1050; x_wconf 81' lang='grc' dir='ltr'><strong><em>αἶκοίμας</em></strong></span> <span class='ocrx_word' id='word_1_69' title='bbox 508 982 623 1051; x_wconf 87' lang='lat' dir='ltr'>dixisse,</span> <span class='ocrx_word' id='word_1_70' title='bbox 659 991 832 1050; x_wconf 86' lang='lat' dir='ltr'>coeperunt,</span> <span class='ocrx_word' id='word_1_71' title='bbox 852 989 946 1036; x_wconf 88' lang='lat' dir='ltr'>tamen</span> <span class='ocrx_word' id='word_1_72' title='bbox 971 999 1035 1034; x_wconf 84' lang='lat' dir='ltr'>mox</span> <span class='ocrx_word' id='word_1_73' title='bbox 1064 998 1114 1052; x_wconf 87' lang='lat' dir='ltr'>per</span> <span class='ocrx_word' id='word_1_74' title='bbox 1144 999 1203 1051; x_wconf 83' lang='lat' dir='ltr'>eos,</span> 
     </span>
     <span class='ocr_line' id='line_1_9' title="bbox 79 1049 1204 1126; baseline 0.003 -25"><span class='ocrx_word' id='word_1_75' title='bbox 79 1051 153 1120; x_wconf 86' lang='lat' dir='ltr'>quasi</span> <span class='ocrx_word' id='word_1_76' title='bbox 172 1063 406 1120; x_wconf 85' lang='lat' dir='ltr'>nunquamonere</span> <span class='ocrx_word' id='word_1_77' title='bbox 424 1067 475 1102; x_wconf 91' lang='lat' dir='ltr'>suo</span> <span class='ocrx_word' id='word_1_78' title='bbox 489 1049 623 1120; x_wconf 82' lang='lat' dir='ltr'>l’atlgare·</span> <span class='ocrx_word' id='word_1_79' title='bbox 658 1059 690 1103; x_wconf 91' lang='lat' dir='ltr'>ut</span> <span class='ocrx_word' id='word_1_80' title='bbox 707 1057 749 1104; x_wconf 90' lang='lat' dir='ltr'>ita</span> <span class='ocrx_word' id='word_1_81' title='bbox 768 1052 868 1121; x_wconf 87' lang='lat' dir='ltr'>dicam,</span> <span class='ocrx_word' id='word_1_82' title='bbox 889 1051 990 1121; x_wconf 78' lang='lat' dir='ltr'>religio</span> <span class='ocrx_word' id='word_1_83' title='bbox 1007 1054 1128 1126; x_wconf 60' lang='lat' dir='ltr'>numinis</span> <span class='ocrx_word' id='word_1_84' title='bbox 1146 1054 1204 1105; x_wconf 84' lang='lat' dir='ltr'>alra</span> 
     </span>
     <span class='ocr_line' id='line_1_10' title="bbox 80 1111 1203 1188; baseline 0.003 -20"><span class='ocrx_word' id='word_1_85' title='bbox 80 1127 122 1171; x_wconf 89' lang='lat' dir='ltr'>tur</span> <span class='ocrx_word' id='word_1_86' title='bbox 137 1111 216 1188; x_wconf 76' lang='lat' dir='ltr'>lqnis</span> <span class='ocrx_word' id='word_1_87' title='bbox 235 1121 341 1182; x_wconf 88' lang='lat' dir='ltr'>nescit,</span> <span class='ocrx_word' id='word_1_88' title='bbox 370 1119 458 1171; x_wconf 82' lang='lat' dir='ltr'>multa</span> <span class='ocrx_word' id='word_1_89' title='bbox 477 1136 538 1172; x_wconf 80' lang='lat' dir='ltr'>esse</span> <span class='ocrx_word' id='word_1_90' title='bbox 557 1135 622 1188; x_wconf 88' lang='lat' dir='ltr'>pro·</span> <span class='ocrx_word' id='word_1_91' title='bbox 657 1119 734 1172; x_wconf 86' lang='lat' dir='ltr'>lacta</span> <span class='ocrx_word' id='word_1_92' title='bbox 752 1128 804 1182; x_wconf 89' lang='lat' dir='ltr'>est,</span> <span class='ocrx_word' id='word_1_93' title='bbox 823 1123 873 1174; x_wconf 88' lang='lat' dir='ltr'>sed</span> <span class='ocrx_word' id='word_1_94' title='bbox 891 1127 984 1172; x_wconf 89' lang='lat' dir='ltr'>tamen</span> <span class='ocrx_word' id='word_1_95' title='bbox 1005 1120 1125 1172; x_wconf 83' lang='lat' dir='ltr'>formam</span> <span class='ocrx_word' id='word_1_96' title='bbox 1142 1121 1203 1172; x_wconf 84' lang='lat' dir='ltr'>clos</span> 
     </span>
     <span class='ocr_line' id='line_1_11' title="bbox 82 1188 1205 1257; baseline 0.002 -17"><span class='ocrx_word' id='word_1_97' title='bbox 82 1191 140 1253; x_wconf 86' lang='lat' dir='ltr'>pria</span> <span class='ocrx_word' id='word_1_98' title='bbox 158 1189 288 1239; x_wconf 89' lang='lat' dir='ltr'>locorum</span> <span class='ocrx_word' id='word_1_99' title='bbox 315 1189 428 1240; x_wconf 87' lang='lat' dir='ltr'>nomina</span> <span class='ocrx_word' id='word_1_100' title='bbox 455 1194 487 1240; x_wconf 91' lang='lat' dir='ltr'>ut</span> <span class='ocrx_word' id='word_1_101' title='bbox 511 1191 554 1241; x_wconf 88' lang='lat' dir='ltr'>ita</span> <span class='ocrx_word' id='word_1_102' title='bbox 579 1188 622 1240; x_wconf 92' lang='lat' dir='ltr'>di·</span> <span class='ocrx_word' id='word_1_103' title='bbox 657 1205 747 1241; x_wconf 89' lang='lat' dir='ltr'>cuneo</span> <span class='ocrx_word' id='word_1_104' title='bbox 764 1188 829 1242; x_wconf 87' lang='lat' dir='ltr'>albo</span> <span class='ocrx_word' id='word_1_105' title='bbox 847 1189 967 1242; x_wconf 81' lang='lat' dir='ltr'>similem</span> <span class='ocrx_word' id='word_1_106' title='bbox 993 1190 1015 1239; x_wconf 92' lang='lat' dir='ltr'>ii</span> <span class='ocrx_word' id='word_1_107' title='bbox 1033 1205 1144 1257; x_wconf 91' lang='lat' dir='ltr'>quoque</span> <span class='ocrx_word' id='word_1_108' title='bbox 1162 1205 1205 1242; x_wconf 88' lang='lat' dir='ltr'>rc·</span> 
     </span>
     <span class='ocr_line' id='line_1_12' title="bbox 82 1253 1201 1324; baseline 0.001 -16"><span class='ocrx_word' id='word_1_109' title='bbox 82 1274 136 1310; x_wconf 89' lang='lat' dir='ltr'>cam</span> <span class='ocrx_word' id='word_1_110' title='bbox 153 1259 267 1324; x_wconf 85' lang='lat' dir='ltr'>poetica</span> <span class='ocrx_word' id='word_1_111' title='bbox 275 1253 298 1321; x_wconf 73' lang='lat'>3)</span> <span class='ocrx_word' id='word_1_112' title='bbox 318 1257 368 1310; x_wconf 85' lang='lat' dir='ltr'>sed</span> <span class='ocrx_word' id='word_1_113' title='bbox 386 1273 447 1310; x_wconf 88' lang='lat' dir='ltr'>cum</span> <span class='ocrx_word' id='word_1_114' title='bbox 462 1258 489 1308; x_wconf 87' lang='lat' dir='ltr'>id</span> <span class='ocrx_word' id='word_1_115' title='bbox 508 1257 624 1310; x_wconf 79' lang='lat' dir='ltr'>verbum</span> <span class='ocrx_word' id='word_1_116' title='bbox 656 1260 811 1312; x_wconf 88' lang='lat' dir='ltr'>tinuerunt.</span> <span class='ocrx_word' id='word_1_117' title='bbox 832 1259 1002 1312; x_wconf 78' lang='lat' dir='ltr'>conferatur</span> <span class='ocrx_word' id='word_1_118' title='bbox 1019 1259 1115 1309; x_wconf 85' lang='lat' dir='ltr'>&#39;l&#39;aciti</span> <span class='ocrx_word' id='word_1_119' title='bbox 1135 1255 1201 1310; x_wconf 85' lang='lat' dir='ltr'>hist.</span> 
     </span>
     <span class='ocr_line' id='line_1_13' title="bbox 82 1324 1202 1392; baseline 0 -14"><span class='ocrx_word' id='word_1_120' title='bbox 82 1327 162 1378; x_wconf 86' lang='lat' dir='ltr'>ctiam</span> <span class='ocrx_word' id='word_1_121' title='bbox 180 1341 284 1380; x_wconf 84' lang='lat' dir='ltr'>nomen</span> <span class='ocrx_word' id='word_1_122' title='bbox 304 1327 446 1392; x_wconf 89' lang='lat' dir='ltr'>proprium</span> <span class='ocrx_word' id='word_1_123' title='bbox 465 1332 556 1392; x_wconf 85' lang='lat' dir='ltr'>osset,</span> <span class='ocrx_word' id='word_1_124' title='bbox 579 1324 622 1380; x_wconf 87' lang='lat' dir='ltr'>fa·</span> <span class='ocrx_word' id='word_1_125' title='bbox 655 1327 706 1379; x_wconf 92' lang='lat' dir='ltr'>lib.</span> <span class='ocrx_word' id='word_1_126' title='bbox 729 1329 765 1380; x_wconf 90' lang='grc'>11.</span> <span class='ocrx_word' id='word_1_127' title='bbox 792 1343 816 1380; x_wconf 86' lang='lat' dir='ltr'>c.</span> <span class='ocrx_word' id='word_1_128' title='bbox 841 1331 888 1380; x_wconf 80' lang='lat'>43.</span> <span class='ocrx_word' id='word_1_129' title='bbox 923 1326 1009 1379; x_wconf 85' lang='lat' dir='ltr'>Haud</span> <span class='ocrx_word' id='word_1_130' title='bbox 1033 1325 1119 1378; x_wconf 87' lang='lat' dir='ltr'>luerit</span> <span class='ocrx_word' id='word_1_131' title='bbox 1143 1327 1202 1378; x_wconf 91' lang='lat' dir='ltr'>lon·</span> 
     </span>
     <span class='ocr_line' id='line_1_14' title="bbox 80 1395 1203 1464; baseline 0.002 -20"><span class='ocrx_word' id='word_1_132' title='bbox 80 1402 149 1446; x_wconf 86' lang='lat' dir='ltr'>ctum</span> <span class='ocrx_word' id='word_1_133' title='bbox 168 1409 232 1448; x_wconf 86' lang='lat' dir='ltr'>essa</span> <span class='ocrx_word' id='word_1_134' title='bbox 258 1401 375 1462; x_wconf 84' lang='lat' dir='ltr'>postea,</span> <span class='ocrx_word' id='word_1_135' title='bbox 399 1401 431 1446; x_wconf 88' lang='lat' dir='ltr'>ut</span> <span class='ocrx_word' id='word_1_136' title='bbox 455 1397 621 1462; x_wconf 75' lang='lat' dir='ltr'>promonto-</span> <span class='ocrx_word' id='word_1_137' title='bbox 655 1407 739 1464; x_wconf 79' lang='lat' dir='ltr'>gum,</span> <span class='ocrx_word' id='word_1_138' title='bbox 758 1397 842 1448; x_wconf 87' lang='lat' dir='ltr'>initia</span> <span class='ocrx_word' id='word_1_139' title='bbox 858 1395 1023 1464; x_wconf 83' lang='lat' dir='ltr'>religionis,</span> <span class='ocrx_word' id='word_1_140' title='bbox 1043 1395 1139 1462; x_wconf 89' lang='lat' dir='ltr'>templi</span> <span class='ocrx_word' id='word_1_141' title='bbox 1167 1395 1203 1448; x_wconf 86' lang='lat' dir='ltr'>si·</span> 
     </span>
     <span class='ocr_line' id='line_1_15' title="bbox 84 1462 1201 1531; baseline 0.003 -19"><span class='ocrx_word' id='word_1_142' title='bbox 84 1465 148 1514; x_wconf 89' lang='lat' dir='ltr'>riom</span> <span class='ocrx_word' id='word_1_143' title='bbox 167 1463 198 1516; x_wconf 88' lang='lat' dir='ltr'>id</span> <span class='ocrx_word' id='word_1_144' title='bbox 214 1462 249 1513; x_wconf 92' lang='lat' dir='ltr'>ab</span> <span class='ocrx_word' id='word_1_145' title='bbox 264 1464 417 1517; x_wconf 81' lang='lat' dir='ltr'>Acamanta</span> <span class='ocrx_word' id='word_1_146' title='bbox 435 1464 557 1531; x_wconf 84' lang='lat' dir='ltr'>quodam</span> <span class='ocrx_word' id='word_1_147' title='bbox 574 1479 622 1531; x_wconf 88' lang='lat' dir='ltr'>pu·</span> <span class='ocrx_word' id='word_1_148' title='bbox 656 1473 731 1527; x_wconf 89' lang='lat' dir='ltr'>tum,</span> <span class='ocrx_word' id='word_1_149' title='bbox 753 1463 873 1519; x_wconf 85' lang='lat' dir='ltr'>formam</span> <span class='ocrx_word' id='word_1_150' title='bbox 894 1466 984 1525; x_wconf 81' lang='lat' dir='ltr'>deae„</span> <span class='ocrx_word' id='word_1_151' title='bbox 1004 1463 1109 1531; x_wconf 87' lang='lat' dir='ltr'>(neque</span> <span class='ocrx_word' id='word_1_152' title='bbox 1129 1465 1201 1516; x_wconf 73' lang='lat' dir='ltr'>etnim</span> 
     </span>
     <span class='ocr_line' id='line_1_16' title="bbox 82 1532 1202 1600; baseline 0.004 -20"><span class='ocrx_word' id='word_1_153' title='bbox 82 1538 185 1583; x_wconf 73' lang='lat' dir='ltr'>teretur</span> <span class='ocrx_word' id='word_1_154' title='bbox 206 1533 382 1584; x_wconf 83' lang='lat' dir='ltr'>nominatum</span> <span class='ocrx_word' id='word_1_155' title='bbox 398 1533 619 1600; x_wconf 83' lang='lat' dir='ltr'>eamqueobrem</span> <span class='ocrx_word' id='word_1_156' title='bbox 656 1533 724 1584; x_wconf 90' lang='lat' dir='ltr'>alibi</span> <span class='ocrx_word' id='word_1_157' title='bbox 750 1535 792 1584; x_wconf 88' lang='lat' dir='ltr'>sic</span> <span class='ocrx_word' id='word_1_158' title='bbox 817 1533 948 1594; x_wconf 84' lang='lat' dir='ltr'>habetur)</span> <span class='ocrx_word' id='word_1_159' title='bbox 973 1532 1123 1586; x_wconf 78' lang='lat' dir='ltr'>disserere.</span> <span class='ocrx_word' id='word_1_160' title='bbox 1160 1533 1202 1586; x_wconf 80' lang='lat' dir='ltr'>Si·</span> 
     </span>
     <span class='ocr_line' id='line_1_17' title="bbox 83 1594 1201 1670; baseline -0.002 -16"><span class='ocrx_word' id='word_1_161' title='bbox 83 1594 233 1668; x_wconf 76' lang='grc' dir='ltr'>ὁἈααίμος</span> <span class='ocrx_word' id='word_1_162' title='bbox 250 1601 403 1653; x_wconf 80' lang='lat' dir='ltr'>diceretur.</span> <span class='ocrx_word' id='word_1_163' title='bbox 656 1601 811 1654; x_wconf 80' lang='lat' dir='ltr'>mulacrum</span> <span class='ocrx_word' id='word_1_164' title='bbox 845 1602 915 1654; x_wconf 83' lang='lat' dir='ltr'>deae</span> <span class='ocrx_word' id='word_1_165' title='bbox 939 1616 995 1651; x_wconf 93' lang='lat' dir='ltr'>non</span> <span class='ocrx_word' id='word_1_166' title='bbox 1031 1601 1126 1670; x_wconf 80' lang='lat' dir='ltr'>effigie</span> <span class='ocrx_word' id='word_1_167' title='bbox 1152 1599 1201 1652; x_wconf 91' lang='lat' dir='ltr'>bu·</span> 
     </span>
     <span class='ocr_line' id='line_1_18' title="bbox 110 1667 1201 1736; baseline 0 -16"><span class='ocrx_word' id='word_1_168' title='bbox 110 1670 135 1730; x_wconf 81' lang='lat' dir='ltr'>fi)</span> <span class='ocrx_word' id='word_1_169' title='bbox 158 1670 237 1720; x_wconf 87' lang='lat' dir='ltr'>luter</span> <span class='ocrx_word' id='word_1_170' title='bbox 267 1667 394 1736; x_wconf 82' lang='lat' dir='ltr'>Paphum</span> <span class='ocrx_word' id='word_1_171' title='bbox 426 1669 524 1720; x_wconf 89' lang='lat' dir='ltr'>urbem</span> <span class='ocrx_word' id='word_1_172' title='bbox 556 1682 619 1735; x_wconf 91' lang='lat' dir='ltr'>pro·</span> <span class='ocrx_word' id='word_1_173' title='bbox 655 1671 915 1734; x_wconf 81' lang='lat' dir='ltr'>nrana300ntinuns</span> <span class='ocrx_word' id='word_1_174' title='bbox 930 1669 1008 1720; x_wconf 91' lang='lat' dir='ltr'>orbis</span> <span class='ocrx_word' id='word_1_175' title='bbox 1023 1670 1127 1722; x_wconf 88' lang='lat' dir='ltr'>latiore</span> <span class='ocrx_word' id='word_1_176' title='bbox 1145 1685 1201 1721; x_wconf 86' lang='lat' dir='ltr'>am·</span> 
     </span>
     <span class='ocr_line' id='line_1_19' title="bbox 83 1735 1200 1806; baseline 0.002 -18"><span class='ocrx_word' id='word_1_177' title='bbox 83 1740 301 1806; x_wconf 87' lang='lat' dir='ltr'>montoriumqne</span> <span class='ocrx_word' id='word_1_178' title='bbox 316 1741 497 1793; x_wconf 78' lang='lat' dir='ltr'>Acamantem</span> <span class='ocrx_word' id='word_1_179' title='bbox 513 1737 619 1790; x_wconf 83' lang='lat' dir='ltr'>nullum</span> <span class='ocrx_word' id='word_1_180' title='bbox 654 1740 735 1800; x_wconf 74' lang='lat' dir='ltr'>bitn3</span> <span class='ocrx_word' id='word_1_181' title='bbox 763 1740 838 1790; x_wconf 86' lang='lat' dir='ltr'>Max.</span> <span class='ocrx_word' id='word_1_182' title='bbox 871 1741 939 1804; x_wconf 85' lang='lat' dir='ltr'>Tyr.</span> <span class='ocrx_word' id='word_1_183' title='bbox 956 1738 1023 1789; x_wconf 85' lang='lat' dir='ltr'>diss.</span> <span class='ocrx_word' id='word_1_184' title='bbox 1049 1735 1200 1792; x_wconf 84' lang='lat' dir='ltr'>XXXVlll</span> 
     </span>
     <span class='ocr_line' id='line_1_20' title="bbox 82 1802 1202 1892; baseline 0.003 -35"><span class='ocrx_word' id='word_1_185' title='bbox 82 1813 126 1858; x_wconf 84' lang='lat' dir='ltr'>aut</span> <span class='ocrx_word' id='word_1_186' title='bbox 146 1815 260 1874; x_wconf 80' lang='lat' dir='ltr'>portum</span> <span class='ocrx_word' id='word_1_187' title='bbox 283 1807 374 1864; x_wconf 76' lang='lat' dir='ltr'>fuisse</span> <span class='ocrx_word' id='word_1_188' title='bbox 399 1814 450 1858; x_wconf 88' lang='lat' dir='ltr'>ant</span> <span class='ocrx_word' id='word_1_189' title='bbox 471 1807 615 1873; x_wconf 89' lang='lat' dir='ltr'>oppidum,</span> <span class='ocrx_word' id='word_1_190' title='bbox 653 1807 780 1874; x_wconf 80' lang='grc' dir='ltr'><strong><em>Παφίοις</em></strong></span> <span class='ocrx_word' id='word_1_191' title='bbox 802 1803 853 1875; x_wconf 73' lang='grc' dir='ltr'>μὲν</span> <span class='ocrx_word' id='word_1_192' title='bbox 874 1802 891 1892; x_wconf 67' lang='grc' dir='ltr'><em>ἡ</em></span> <span class='ocrx_word' id='word_1_193' title='bbox 911 1803 1065 1874; x_wconf 79' lang='grc' dir='ltr'>Ἀφροδίτη</span> <span class='ocrx_word' id='word_1_194' title='bbox 1093 1802 1143 1868; x_wconf 74' lang='lat' dir='ltr'>nde</span> <span class='ocrx_word' id='word_1_195' title='bbox 1164 1826 1202 1860; x_wconf 83' lang='grc' dir='ltr'>τι·</span> 
     </span>
     <span class='ocr_line' id='line_1_21' title="bbox 82 1868 1202 1944; baseline 0.002 -18"><span class='ocrx_word' id='word_1_196' title='bbox 82 1874 177 1930; x_wconf 85' lang='lat' dir='ltr'>Strabo</span> <span class='ocrx_word' id='word_1_197' title='bbox 202 1889 315 1944; x_wconf 87' lang='lat' dir='ltr'>quoque</span> <span class='ocrx_word' id='word_1_198' title='bbox 340 1874 384 1926; x_wconf 88' lang='lat' dir='ltr'>bis</span> <span class='ocrx_word' id='word_1_199' title='bbox 403 1876 509 1938; x_wconf 88' lang='lat' dir='ltr'>verbis,</span> <span class='ocrx_word' id='word_1_200' title='bbox 546 1889 619 1942; x_wconf 87' lang='lat' dir='ltr'>qnae</span> <span class='ocrx_word' id='word_1_201' title='bbox 651 1871 707 1943; x_wconf 75' lang='grc' dir='ltr'>μὰς</span> <span class='ocrx_word' id='word_1_202' title='bbox 724 1872 792 1944; x_wconf 73' lang='grc' dir='ltr'><strong><em>ἔχει·</em></strong></span> <span class='ocrx_word' id='word_1_203' title='bbox 811 1871 844 1928; x_wconf 85' lang='grc' dir='ltr'>τὸ</span> <span class='ocrx_word' id='word_1_204' title='bbox 864 1876 895 1930; x_wconf 82' lang='lat' dir='ltr'>de</span> <span class='ocrx_word' id='word_1_205' title='bbox 913 1869 1026 1943; x_wconf 68' lang='grc' dir='ltr'><strong><em>ἄγαλμα</em></strong></span> <span class='ocrx_word' id='word_1_206' title='bbox 1040 1868 1092 1928; x_wconf 74' lang='lat' dir='ltr'>ode</span> <span class='ocrx_word' id='word_1_207' title='bbox 1111 1869 1147 1928; x_wconf 73' lang='lat' dir='ltr'>dv</span> <span class='ocrx_word' id='word_1_208' title='bbox 1167 1875 1202 1928; x_wconf 82' lang='grc' dir='ltr'>εἰ·</span> 
     </span>
     <span class='ocr_line' id='line_1_22' title="bbox 86 1937 1202 2014; baseline 0.002 -20"><span class='ocrx_word' id='word_1_209' title='bbox 86 1945 162 2009; x_wconf 88' lang='lat' dir='ltr'>paolo</span> <span class='ocrx_word' id='word_1_210' title='bbox 192 1943 327 2007; x_wconf 78' lang='lat' dir='ltr'>inferius,</span> <span class='ocrx_word' id='word_1_211' title='bbox 353 1959 436 2011; x_wconf 88' lang='lat' dir='ltr'>quam</span> <span class='ocrx_word' id='word_1_212' title='bbox 468 1947 621 2009; x_wconf 86' lang='lat' dir='ltr'>superiora</span> <span class='ocrx_word' id='word_1_213' title='bbox 652 1940 752 2006; x_wconf 70' lang='grc' dir='ltr'><strong><em>πάσαις</em></strong></span> <span class='ocrx_word' id='word_1_214' title='bbox 768 1937 894 2014; x_wconf 78' lang='grc' dir='ltr'><strong><em>αἰίίῷτῳ</em></strong></span> <span class='ocrx_word' id='word_1_215' title='bbox 909 1937 927 2012; x_wconf 77' lang='grc' dir='ltr'>ἢ</span> <span class='ocrx_word' id='word_1_216' title='bbox 945 1943 1086 2011; x_wconf 73' lang='grc' dir='ltr'><strong><em>πυραμίδι</em></strong></span> <span class='ocrx_word' id='word_1_217' title='bbox 1102 1945 1202 2012; x_wconf 75' lang='grc' dir='ltr'><strong><em>ίεααῇ;</em></strong></span> 
     </span>
     <span class='ocr_line' id='line_1_23' title="bbox 83 2005 1200 2082; baseline 0.002 -20"><span class='ocrx_word' id='word_1_218' title='bbox 83 2011 151 2078; x_wconf 49' lang='lat' dir='ltr'>sunu</span> <span class='ocrx_word' id='word_1_219' title='bbox 176 2013 334 2082; x_wconf 80' lang='lat' dir='ltr'>significat:</span> <span class='ocrx_word' id='word_1_220' title='bbox 362 2005 430 2066; x_wconf 75' lang='lat' dir='ltr'>Ela&#39;</span> <span class='ocrx_word' id='word_1_221' title='bbox 458 2008 474 2066; x_wconf 80' lang='grc' dir='ltr'>ὁ</span> <span class='ocrx_word' id='word_1_222' title='bbox 498 2007 620 2079; x_wconf 71' lang='grc' dir='ltr'>Ἀκάμας</span> <span class='ocrx_word' id='word_1_223' title='bbox 654 2013 769 2065; x_wconf 78' lang='lat' dir='ltr'>Servius</span> <span class='ocrx_word' id='word_1_224' title='bbox 790 2015 825 2065; x_wconf 89' lang='lat' dir='ltr'>ad</span> <span class='ocrx_word' id='word_1_225' title='bbox 844 2013 961 2068; x_wconf 81' lang='lat' dir='ltr'>Aeneid.</span> <span class='ocrx_word' id='word_1_226' title='bbox 980 2013 1046 2066; x_wconf 87' lang='lat' dir='ltr'>libr.</span> <span class='ocrx_word' id='word_1_227' title='bbox 1066 2013 1088 2066; x_wconf 93' lang='lat' dir='ltr'>l.</span> <span class='ocrx_word' id='word_1_228' title='bbox 1122 2013 1200 2080; x_wconf 81' lang='lat' dir='ltr'>Apud</span> 
     </span>
     <span class='ocr_line' id='line_1_24' title="bbox 85 2075 1202 2150; baseline -0.001 -17"><span class='ocrx_word' id='word_1_229' title='bbox 85 2075 136 2134; x_wconf 72' lang='grc' dir='ltr'>ἐστὶ</span> <span class='ocrx_word' id='word_1_230' title='bbox 169 2079 240 2148; x_wconf 75' lang='grc' dir='ltr'>μετὰ</span> <span class='ocrx_word' id='word_1_231' title='bbox 277 2077 391 2150; x_wconf 79' lang='grc' dir='ltr'><em>Πάφον.</em></span> <span class='ocrx_word' id='word_1_232' title='bbox 443 2081 536 2132; x_wconf 86' lang='lat' dir='ltr'>Multo</span> <span class='ocrx_word' id='word_1_233' title='bbox 574 2097 619 2132; x_wconf 61' lang='lat' dir='ltr'>stch</span> <span class='ocrx_word' id='word_1_234' title='bbox 655 2082 775 2148; x_wconf 84' lang='lat' dir='ltr'>Cyprios</span> <span class='ocrx_word' id='word_1_235' title='bbox 800 2084 895 2136; x_wconf 88' lang='lat' dir='ltr'>Venus</span> <span class='ocrx_word' id='word_1_236' title='bbox 920 2083 949 2132; x_wconf 92' lang='lat' dir='ltr'>in</span> <span class='ocrx_word' id='word_1_237' title='bbox 975 2082 1089 2134; x_wconf 85' lang='lat' dir='ltr'>modum</span> <span class='ocrx_word' id='word_1_238' title='bbox 1114 2081 1202 2134; x_wconf 91' lang='lat' dir='ltr'>umbi·</span> 
     </span>
     <span class='ocr_line' id='line_1_25' title="bbox 84 2147 1201 2218; baseline 0.002 -18"><span class='ocrx_word' id='word_1_239' title='bbox 84 2151 203 2204; x_wconf 87' lang='lat' dir='ltr'>curatius</span> <span class='ocrx_word' id='word_1_240' title='bbox 227 2153 257 2200; x_wconf 89' lang='lat' dir='ltr'>in</span> <span class='ocrx_word' id='word_1_241' title='bbox 285 2148 339 2200; x_wconf 88' lang='lat' dir='ltr'>hoc</span> <span class='ocrx_word' id='word_1_242' title='bbox 371 2150 481 2216; x_wconf 79' lang='lat' dir='ltr'>periplo</span> <span class='ocrx_word' id='word_1_243' title='bbox 507 2147 620 2215; x_wconf 87' lang='lat' dir='ltr'>Paphos</span> <span class='ocrx_word' id='word_1_244' title='bbox 653 2151 713 2212; x_wconf 83' lang='lat' dir='ltr'>lici,</span> <span class='ocrx_word' id='word_1_245' title='bbox 729 2151 790 2210; x_wconf 89' lang='lat' dir='ltr'>vel,</span> <span class='ocrx_word' id='word_1_246' title='bbox 808 2157 840 2202; x_wconf 90' lang='lat' dir='ltr'>nt</span> <span class='ocrx_word' id='word_1_247' title='bbox 865 2150 979 2218; x_wconf 85' lang='lat' dir='ltr'>quidam</span> <span class='ocrx_word' id='word_1_248' title='bbox 1006 2151 1119 2212; x_wconf 73' lang='lat' dir='ltr'>nolunt,</span> <span class='ocrx_word' id='word_1_249' title='bbox 1145 2166 1201 2202; x_wconf 90' lang='lat' dir='ltr'>me-</span> 
     </span>
     <span class='ocr_line' id='line_1_26' title="bbox 84 2217 1200 2286; baseline 0.002 -18"><span class='ocrx_word' id='word_1_250' title='bbox 84 2218 220 2286; x_wconf 85' lang='lat' dir='ltr'>descripta</span> <span class='ocrx_word' id='word_1_251' title='bbox 247 2224 291 2270; x_wconf 89' lang='lat' dir='ltr'>est</span> <span class='ocrx_word' id='word_1_252' title='bbox 316 2235 400 2286; x_wconf 86' lang='lat' dir='ltr'>quam</span> <span class='ocrx_word' id='word_1_253' title='bbox 426 2235 443 2268; x_wconf 90' lang='lat' dir='ltr'>a</span> <span class='ocrx_word' id='word_1_254' title='bbox 469 2217 621 2277; x_wconf 84' lang='lat' dir='ltr'>Strabone,</span> <span class='ocrx_word' id='word_1_255' title='bbox 656 2225 703 2270; x_wconf 87' lang='lat' dir='ltr'>tae</span> <span class='ocrx_word' id='word_1_256' title='bbox 723 2219 836 2272; x_wconf 92' lang='lat' dir='ltr'>colitur.</span> <span class='ocrx_word' id='word_1_257' title='bbox 860 2221 939 2272; x_wconf 87' lang='lat' dir='ltr'>Haec</span> <span class='ocrx_word' id='word_1_258' title='bbox 959 2218 1049 2284; x_wconf 88' lang='lat' dir='ltr'>igitur</span> <span class='ocrx_word' id='word_1_259' title='bbox 1068 2224 1200 2270; x_wconf 80' lang='lat' dir='ltr'>constare</span> 
     </span>
     <span class='ocr_line' id='line_1_27' title="bbox 85 2281 1202 2355; baseline 0.002 -19"><span class='ocrx_word' id='word_1_260' title='bbox 85 2288 127 2352; x_wconf 92' lang='lat' dir='ltr'>qui</span> <span class='ocrx_word' id='word_1_261' title='bbox 145 2293 255 2338; x_wconf 84' lang='lat' dir='ltr'>tanturn</span> <span class='ocrx_word' id='word_1_262' title='bbox 274 2286 346 2340; x_wconf 86' lang='lat' dir='ltr'>hacc</span> <span class='ocrx_word' id='word_1_263' title='bbox 363 2287 493 2352; x_wconf 82' lang='lat' dir='ltr'>scripsit:</span> <span class='ocrx_word' id='word_1_264' title='bbox 518 2281 585 2340; x_wconf 67' lang='grc' dir='ltr'>Εἶθ’</span> <span class='ocrx_word' id='word_1_265' title='bbox 613 2281 621 2302; x_wconf 73' lang='lat'><em>‘</em></span> <span class='ocrx_word' id='word_1_266' title='bbox 656 2288 781 2355; x_wconf 88' lang='lat' dir='ltr'>putanda</span> <span class='ocrx_word' id='word_1_267' title='bbox 812 2295 891 2348; x_wconf 88' lang='lat' dir='ltr'>sunt,</span> <span class='ocrx_word' id='word_1_268' title='bbox 929 2284 1085 2340; x_wconf 83' lang='lat' dir='ltr'>Phoenices</span> <span class='ocrx_word' id='word_1_269' title='bbox 1116 2301 1202 2338; x_wconf 80' lang='lat' dir='ltr'>noras</span> 
     </span>
     <span class='ocr_line' id='line_1_28' title="bbox 84 2305 1201 2440; baseline 0 -34"><span class='ocrx_word' id='word_1_270' title='bbox 84 2352 185 2440; x_wconf 70' lang='lat' dir='ltr'>Usipos,</span> <span class='ocrx_word' id='word_1_271' title='bbox 209 2356 310 2422; x_wconf 75' lang='grc' dir='ltr'><strong><em>κτίσμα</em></strong></span> <span class='ocrx_word' id='word_1_272' title='bbox 341 2349 548 2437; x_wconf 62' lang='grc' dir='ltr'>Ἀγαπήνορας,</span> <span class='ocrx_word' id='word_1_273' title='bbox 572 2305 622 2408; x_wconf 68' lang='grc' dir='ltr'>καί</span> <span class='ocrx_word' id='word_1_274' title='bbox 655 2357 738 2408; x_wconf 89' lang='lat' dir='ltr'>sedes</span> <span class='ocrx_word' id='word_1_275' title='bbox 764 2362 931 2422; x_wconf 74' lang='lat' dir='ltr'>quaerentes</span> <span class='ocrx_word' id='word_1_276' title='bbox 955 2353 991 2406; x_wconf 87' lang='lat' dir='ltr'>ad</span> <span class='ocrx_word' id='word_1_277' title='bbox 1017 2355 1085 2406; x_wconf 86' lang='lat' dir='ltr'>litus</span> <span class='ocrx_word' id='word_1_278' title='bbox 1104 2355 1201 2422; x_wconf 86' lang='lat' dir='ltr'>Cypri,</span> 
     </span>
     <span class='ocr_line' id='line_1_29' title="bbox 84 2417 1202 2508; baseline 0.002 -34"><span class='ocrx_word' id='word_1_279' title='bbox 84 2425 173 2490; x_wconf 78' lang='grc' dir='ltr'><strong><em>ίιμενα</em></strong></span> <span class='ocrx_word' id='word_1_280' title='bbox 197 2421 305 2508; x_wconf 54' lang='grc' dir='ltr'>ἔχουσαΙ</span> <span class='ocrx_word' id='word_1_281' title='bbox 328 2424 376 2476; x_wconf 78' lang='grc' dir='ltr'>καί</span> <span class='ocrx_word' id='word_1_282' title='bbox 402 2417 463 2491; x_wconf 63' lang='lat' dir='ltr'>leod</span> <span class='ocrx_word' id='word_1_283' title='bbox 488 2443 518 2480; x_wconf 76' lang='lat' dir='ltr'>sc</span> <span class='ocrx_word' id='word_1_284' title='bbox 544 2442 621 2478; x_wconf 77' lang='lat' dir='ltr'>sors·</span> <span class='ocrx_word' id='word_1_285' title='bbox 657 2425 734 2492; x_wconf 86' lang='lat' dir='ltr'>quod</span> <span class='ocrx_word' id='word_1_286' title='bbox 754 2431 803 2478; x_wconf 88' lang='lat' dir='ltr'>cst·</span> <span class='ocrx_word' id='word_1_287' title='bbox 816 2425 851 2476; x_wconf 89' lang='lat' dir='ltr'>ad</span> <span class='ocrx_word' id='word_1_288' title='bbox 871 2439 1000 2476; x_wconf 88' lang='lat' dir='ltr'>occasum</span> <span class='ocrx_word' id='word_1_289' title='bbox 1019 2423 1097 2487; x_wconf 89' lang='lat' dir='ltr'>solis,</span> <span class='ocrx_word' id='word_1_290' title='bbox 1117 2439 1202 2491; x_wconf 88' lang='lat' dir='ltr'>appu·</span> 
     </span>
     <span class='ocr_line' id='line_1_30' title="bbox 84 2492 1200 2561; baseline 0 -17"><span class='ocrx_word' id='word_1_291' title='bbox 84 2507 258 2560; x_wconf 77' lang='grc' dir='ltr'><strong><em>σκεαασμεαα.</em></strong></span> <span class='ocrx_word' id='word_1_292' title='bbox 274 2495 313 2544; x_wconf 82' lang='lat' dir='ltr'>Ac</span> <span class='ocrx_word' id='word_1_293' title='bbox 332 2494 450 2560; x_wconf 87' lang='lat' dir='ltr'>primum</span> <span class='ocrx_word' id='word_1_294' title='bbox 470 2493 622 2559; x_wconf 82' lang='lat' dir='ltr'>eainperi&#39;-</span> <span class='ocrx_word' id='word_1_295' title='bbox 658 2495 725 2546; x_wconf 87' lang='lat' dir='ltr'>iisse</span> <span class='ocrx_word' id='word_1_296' title='bbox 743 2499 772 2545; x_wconf 84' lang='lat' dir='ltr'>et</span> <span class='ocrx_word' id='word_1_297' title='bbox 792 2495 889 2561; x_wconf 85' lang='lat' dir='ltr'>aliquo</span> <span class='ocrx_word' id='word_1_298' title='bbox 916 2492 1025 2546; x_wconf 88' lang='lat' dir='ltr'>amari</span> <span class='ocrx_word' id='word_1_299' title='bbox 1052 2493 1144 2558; x_wconf 88' lang='lat' dir='ltr'>spatio</span> <span class='ocrx_word' id='word_1_300' title='bbox 1171 2493 1200 2544; x_wconf 91' lang='lat' dir='ltr'>in</span> 
     </span>
     <span class='ocr_line' id='line_1_31' title="bbox 84 2559 1200 2631; baseline 0.004 -20"><span class='ocrx_word' id='word_1_301' title='bbox 84 2563 124 2625; x_wconf 92' lang='lat' dir='ltr'>plo</span> <span class='ocrx_word' id='word_1_302' title='bbox 150 2563 185 2612; x_wconf 88' lang='lat' dir='ltr'>ad</span> <span class='ocrx_word' id='word_1_303' title='bbox 211 2562 355 2614; x_wconf 83' lang='lat' dir='ltr'>meridiem</span> <span class='ocrx_word' id='word_1_304' title='bbox 387 2563 479 2628; x_wconf 73' lang='lat' dir='ltr'>posita</span> <span class='ocrx_word' id='word_1_305' title='bbox 507 2561 620 2622; x_wconf 86' lang='lat' dir='ltr'>dicitur,</span> <span class='ocrx_word' id='word_1_306' title='bbox 656 2570 751 2616; x_wconf 81' lang='lat' dir='ltr'>oronte</span> <span class='ocrx_word' id='word_1_307' title='bbox 767 2562 968 2631; x_wconf 86' lang='lat' dir='ltr'>(antiquissimi</span> <span class='ocrx_word' id='word_1_308' title='bbox 980 2559 1108 2614; x_wconf 90' lang='lat' dir='ltr'>homines</span> <span class='ocrx_word' id='word_1_309' title='bbox 1123 2577 1200 2628; x_wconf 80' lang='lat' dir='ltr'>prae·</span> 
     </span>
     <span class='ocr_line' id='line_1_32' title="bbox 83 2628 1200 2699; baseline 0.002 -19"><span class='ocrx_word' id='word_1_310' title='bbox 83 2629 152 2696; x_wconf 90' lang='lat' dir='ltr'>quod</span> <span class='ocrx_word' id='word_1_311' title='bbox 170 2631 213 2682; x_wconf 84' lang='lat' dir='ltr'>ita</span> <span class='ocrx_word' id='word_1_312' title='bbox 233 2631 433 2699; x_wconf 82' lang='lat' dir='ltr'>intelligimus,</span> <span class='ocrx_word' id='word_1_313' title='bbox 451 2637 483 2682; x_wconf 95' lang='lat' dir='ltr'>ut</span> <span class='ocrx_word' id='word_1_314' title='bbox 501 2629 622 2682; x_wconf 83' lang='lat' dir='ltr'>collibus</span> <span class='ocrx_word' id='word_1_315' title='bbox 655 2632 723 2684; x_wconf 90' lang='lat' dir='ltr'>sidii</span> <span class='ocrx_word' id='word_1_316' title='bbox 743 2647 829 2684; x_wconf 90' lang='lat' dir='ltr'>causa</span> <span class='ocrx_word' id='word_1_317' title='bbox 843 2636 953 2682; x_wconf 88' lang='lat' dir='ltr'>montes</span> <span class='ocrx_word' id='word_1_318' title='bbox 969 2628 1005 2680; x_wconf 93' lang='lat' dir='ltr'>ad</span> <span class='ocrx_word' id='word_1_319' title='bbox 1019 2630 1123 2697; x_wconf 87' lang='lat' dir='ltr'>oppida</span> <span class='ocrx_word' id='word_1_320' title='bbox 1138 2643 1200 2682; x_wconf 89' lang='lat' dir='ltr'>con·</span> 
     </span>
     <span class='ocr_line' id='line_1_33' title="bbox 84 2698 1201 2768; baseline 0.001 -20"><span class='ocrx_word' id='word_1_321' title='bbox 84 2699 116 2750; x_wconf 79' lang='lat' dir='ltr'>ad</span> <span class='ocrx_word' id='word_1_322' title='bbox 133 2701 355 2766; x_wconf 83' lang='lat' dir='ltr'>septentrionem</span> <span class='ocrx_word' id='word_1_323' title='bbox 372 2699 567 2766; x_wconf 80' lang='lat' dir='ltr'>cingentibus,</span> <span class='ocrx_word' id='word_1_324' title='bbox 591 2705 622 2750; x_wconf 86' lang='lat' dir='ltr'>nt</span> <span class='ocrx_word' id='word_1_325' title='bbox 656 2701 749 2752; x_wconf 89' lang='lat' dir='ltr'>denda</span> <span class='ocrx_word' id='word_1_326' title='bbox 765 2701 892 2768; x_wconf 80' lang='lat' dir='ltr'>deligere</span> <span class='ocrx_word' id='word_1_327' title='bbox 908 2698 1050 2764; x_wconf 88' lang='lat' dir='ltr'>solebant)</span> <span class='ocrx_word' id='word_1_328' title='bbox 1067 2699 1201 2767; x_wconf 89' lang='lat' dir='ltr'>oppidum</span> 
     </span>
     <span class='ocr_line' id='line_1_34' title="bbox 86 2766 1201 2836; baseline 0.003 -22"><span class='ocrx_word' id='word_1_329' title='bbox 86 2767 242 2836; x_wconf 85' lang='lat' dir='ltr'>itadicam,</span> <span class='ocrx_word' id='word_1_330' title='bbox 261 2769 486 2831; x_wconf 81' lang='lat' dir='ltr'>acoliniscsset3</span> <span class='ocrx_word' id='word_1_331' title='bbox 507 2767 622 2820; x_wconf 90' lang='lat' dir='ltr'>tumdi·</span> <span class='ocrx_word' id='word_1_332' title='bbox 656 2769 817 2821; x_wconf 89' lang='lat' dir='ltr'>condidisse</span> <span class='ocrx_word' id='word_1_333' title='bbox 850 2769 935 2835; x_wconf 89' lang='lat' dir='ltr'>idque</span> <span class='ocrx_word' id='word_1_334' title='bbox 967 2768 1095 2833; x_wconf 86' lang='lat' dir='ltr'>nomine,</span> <span class='ocrx_word' id='word_1_335' title='bbox 1126 2766 1201 2836; x_wconf 89' lang='lat' dir='ltr'>quod</span> 
     </span>
     <span class='ocr_line' id='line_1_35' title="bbox 85 2835 1200 2904; baseline 0.002 -18"><span class='ocrx_word' id='word_1_336' title='bbox 85 2837 153 2886; x_wconf 83' lang='lat' dir='ltr'>citur</span> <span class='ocrx_word' id='word_1_337' title='bbox 167 2837 272 2904; x_wconf 89' lang='lat' dir='ltr'>triplici</span> <span class='ocrx_word' id='word_1_338' title='bbox 287 2837 426 2888; x_wconf 83' lang='lat' dir='ltr'>instructa</span> <span class='ocrx_word' id='word_1_339' title='bbox 435 2844 529 2902; x_wconf 89' lang='lat' dir='ltr'>portu,</span> <span class='ocrx_word' id='word_1_340' title='bbox 547 2835 620 2903; x_wconf 90' lang='lat' dir='ltr'>quod</span> <span class='ocrx_word' id='word_1_341' title='bbox 654 2839 747 2889; x_wconf 87' lang='lat' dir='ltr'>simile</span> <span class='ocrx_word' id='word_1_342' title='bbox 767 2843 840 2888; x_wconf 84' lang='lat' dir='ltr'>esset</span> <span class='ocrx_word' id='word_1_343' title='bbox 862 2836 973 2904; x_wconf 85' lang='lat' dir='ltr'>Papho,</span> <span class='ocrx_word' id='word_1_344' title='bbox 1000 2837 1200 2898; x_wconf 69' lang='lat' dir='ltr'>nominavisset,</span> 
     </span>
     <span class='ocr_line' id='line_1_36' title="bbox 85 2903 1200 2973; baseline 0.004 -21"><span class='ocrx_word' id='word_1_345' title='bbox 85 2919 144 2955; x_wconf 78' lang='lat' dir='ltr'>rere</span> <span class='ocrx_word' id='word_1_346' title='bbox 163 2905 267 2957; x_wconf 91' lang='lat' dir='ltr'>dictum</span> <span class='ocrx_word' id='word_1_347' title='bbox 293 2921 354 2957; x_wconf 86' lang='lat' dir='ltr'>esse</span> <span class='ocrx_word' id='word_1_348' title='bbox 379 2903 466 2966; x_wconf 80' lang='lat' dir='ltr'>iapile</span> <span class='ocrx_word' id='word_1_349' title='bbox 491 2904 556 2956; x_wconf 92' lang='lat' dir='ltr'>hinc</span> <span class='ocrx_word' id='word_1_350' title='bbox 580 2905 621 2956; x_wconf 90' lang='lat' dir='ltr'>in·</span> <span class='ocrx_word' id='word_1_351' title='bbox 655 2922 719 2959; x_wconf 89' lang='lat' dir='ltr'>nam</span> <span class='ocrx_word' id='word_1_352' title='bbox 744 2907 774 2958; x_wconf 91' lang='lat' dir='ltr'>id</span> <span class='ocrx_word' id='word_1_353' title='bbox 808 2921 910 2958; x_wconf 85' lang='lat' dir='ltr'>numen</span> <span class='ocrx_word' id='word_1_354' title='bbox 943 2904 1045 2958; x_wconf 87' lang='lat' dir='ltr'>Graeci</span> <span class='ocrx_word' id='word_1_355' title='bbox 1076 2907 1200 2973; x_wconf 84' lang='lat' dir='ltr'>ipsorum</span> 
     </span>
     <span class='ocr_line' id='line_1_37' title="bbox 86 2971 1200 3042; baseline 0.003 -21"><span class='ocrx_word' id='word_1_356' title='bbox 86 2973 228 3042; x_wconf 82' lang='lat' dir='ltr'>telligitnr,</span> <span class='ocrx_word' id='word_1_357' title='bbox 248 2973 324 3042; x_wconf 90' lang='lat' dir='ltr'>quod</span> <span class='ocrx_word' id='word_1_358' title='bbox 345 2973 381 3026; x_wconf 89' lang='lat' dir='ltr'>ad</span> <span class='ocrx_word' id='word_1_359' title='bbox 408 2987 538 3026; x_wconf 86' lang='lat' dir='ltr'>occasum</span> <span class='ocrx_word' id='word_1_360' title='bbox 558 2989 621 3040; x_wconf 89' lang='lat' dir='ltr'>pro·</span> <span class='ocrx_word' id='word_1_361' title='bbox 656 2975 906 3029; x_wconf 78' lang='lat' dir='ltr'>accommodarunt</span> <span class='ocrx_word' id='word_1_362' title='bbox 948 2971 1082 3027; x_wconf 73' lang='lat' dir='ltr'>sermoni.</span> <span class='ocrx_word' id='word_1_363' title='bbox 1145 2974 1200 3026; x_wconf 78' lang='lat' dir='ltr'>Sed</span> 
     </span>
     <span class='ocr_line' id='line_1_38' title="bbox 85 3041 1201 3110; baseline 0.004 -21"><span class='ocrx_word' id='word_1_364' title='bbox 85 3045 245 3094; x_wconf 85' lang='lat' dir='ltr'>montorium</span> <span class='ocrx_word' id='word_1_365' title='bbox 280 3041 349 3105; x_wconf 86' lang='lat' dir='ltr'>luit,</span> <span class='ocrx_word' id='word_1_366' title='bbox 381 3057 437 3110; x_wconf 92' lang='lat' dir='ltr'>quc</span> <span class='ocrx_word' id='word_1_367' title='bbox 470 3042 506 3094; x_wconf 86' lang='lat' dir='ltr'>ad</span> <span class='ocrx_word' id='word_1_368' title='bbox 539 3043 621 3095; x_wconf 87' lang='lat' dir='ltr'>meri·</span> <span class='ocrx_word' id='word_1_369' title='bbox 656 3043 732 3096; x_wconf 90' lang='lat' dir='ltr'>haud</span> <span class='ocrx_word' id='word_1_370' title='bbox 752 3044 838 3096; x_wconf 88' lang='lat' dir='ltr'>dubie</span> <span class='ocrx_word' id='word_1_371' title='bbox 854 3044 959 3096; x_wconf 84' lang='lat' dir='ltr'>factum</span> <span class='ocrx_word' id='word_1_372' title='bbox 978 3049 1039 3105; x_wconf 84' lang='lat' dir='ltr'>est,</span> <span class='ocrx_word' id='word_1_373' title='bbox 1063 3048 1096 3094; x_wconf 86' lang='lat' dir='ltr'>ut</span> <span class='ocrx_word' id='word_1_374' title='bbox 1114 3044 1201 3095; x_wconf 87' lang='lat' dir='ltr'>etiam</span> 
     </span>
     <span class='ocr_line' id='line_1_39' title="bbox 86 3110 1201 3180; baseline 0.005 -24"><span class='ocrx_word' id='word_1_375' title='bbox 86 3110 152 3160; x_wconf 85' lang='lat' dir='ltr'>diem</span> <span class='ocrx_word' id='word_1_376' title='bbox 170 3116 304 3178; x_wconf 80' lang='lat' dir='ltr'>vergente</span> <span class='ocrx_word' id='word_1_377' title='bbox 323 3127 441 3179; x_wconf 75' lang='lat' dir='ltr'>stagnus</span> <span class='ocrx_word' id='word_1_378' title='bbox 462 3113 540 3162; x_wconf 91' lang='lat' dir='ltr'>sinus</span> <span class='ocrx_word' id='word_1_379' title='bbox 559 3127 621 3178; x_wconf 89' lang='lat' dir='ltr'>por·</span> <span class='ocrx_word' id='word_1_380' title='bbox 657 3114 744 3180; x_wconf 88' lang='lat' dir='ltr'>aliqui</span> <span class='ocrx_word' id='word_1_381' title='bbox 765 3114 814 3177; x_wconf 88' lang='lat' dir='ltr'>ibi,</span> <span class='ocrx_word' id='word_1_382' title='bbox 838 3113 885 3166; x_wconf 91' lang='lat' dir='ltr'>ubi</span> <span class='ocrx_word' id='word_1_383' title='bbox 897 3120 1078 3179; x_wconf 84' lang='lat' dir='ltr'>posteanora</span> <span class='ocrx_word' id='word_1_384' title='bbox 1088 3111 1201 3180; x_wconf 88' lang='lat' dir='ltr'>Paphus</span> 
     </span>
     <span class='ocr_line' id='line_1_40' title="bbox 86 3179 1200 3248; baseline 0.004 -22"><span class='ocrx_word' id='word_1_385' title='bbox 86 3185 177 3246; x_wconf 84' lang='lat' dir='ltr'>tuaque</span> <span class='ocrx_word' id='word_1_386' title='bbox 196 3179 521 3247; x_wconf 83' lang='lat' dir='ltr'>plureselllcicbantur,</span> <span class='ocrx_word' id='word_1_387' title='bbox 551 3196 622 3248; x_wconf 89' lang='lat' dir='ltr'>quae</span> <span class='ocrx_word' id='word_1_388' title='bbox 655 3182 720 3244; x_wconf 82' lang='lat' dir='ltr'>init,</span> <span class='ocrx_word' id='word_1_389' title='bbox 739 3189 855 3248; x_wconf 88' lang='lat' dir='ltr'>propter</span> <span class='ocrx_word' id='word_1_390' title='bbox 873 3197 1007 3234; x_wconf 84' lang='lat' dir='ltr'>summam</span> <span class='ocrx_word' id='word_1_391' title='bbox 1037 3181 1200 3248; x_wconf 85' lang='lat' dir='ltr'>opportuni-</span> 
     </span>
     <span class='ocr_line' id='line_1_41' title="bbox 86 3247 1202 3316; baseline 0.005 -22"><span class='ocrx_word' id='word_1_392' title='bbox 86 3249 243 3300; x_wconf 84' lang='lat' dir='ltr'>ratiosinus</span> <span class='ocrx_word' id='word_1_393' title='bbox 259 3247 342 3300; x_wconf 86' lang='lat' dir='ltr'>sirnnl</span> <span class='ocrx_word' id='word_1_394' title='bbox 358 3250 492 3310; x_wconf 86' lang='lat' dir='ltr'>ostendit,</span> <span class='ocrx_word' id='word_1_395' title='bbox 507 3258 620 3315; x_wconf 85' lang='lat' dir='ltr'>portum</span> <span class='ocrx_word' id='word_1_396' title='bbox 656 3258 743 3302; x_wconf 81' lang='lat' dir='ltr'>tatem</span> <span class='ocrx_word' id='word_1_397' title='bbox 769 3249 826 3300; x_wconf 88' lang='lat' dir='ltr'>loci</span> <span class='ocrx_word' id='word_1_398' title='bbox 856 3249 1008 3316; x_wconf 85' lang='lat' dir='ltr'>navigandi</span> <span class='ocrx_word' id='word_1_399' title='bbox 1034 3265 1068 3300; x_wconf 90' lang='lat' dir='ltr'>ac</span> <span class='ocrx_word' id='word_1_400' title='bbox 1094 3264 1202 3302; x_wconf 87' lang='lat' dir='ltr'>merca-</span> 
     </span>
     <span class='ocr_line' id='line_1_42' title="bbox 86 3313 1199 3372; baseline 0.006 -10"><span class='ocrx_word' id='word_1_401' title='bbox 86 3313 165 3370; x_wconf 84' lang='lat' dir='ltr'>luisse</span> <span class='ocrx_word' id='word_1_402' title='bbox 189 3319 224 3369; x_wconf 88' lang='lat' dir='ltr'>ab</span> <span class='ocrx_word' id='word_1_403' title='bbox 250 3317 379 3370; x_wconf 90' lang='lat' dir='ltr'>omnibus</span> <span class='ocrx_word' id='word_1_404' title='bbox 403 3323 492 3369; x_wconf 91' lang='lat' dir='ltr'>tutum</span> <span class='ocrx_word' id='word_1_405' title='bbox 519 3319 620 3370; x_wconf 78' lang='lat' dir='ltr'>veritis.</span> <span class='ocrx_word' id='word_1_406' title='bbox 657 3319 1035 3370; x_wconf 83' lang='lat' dir='ltr'>turaecausaconsidcrent.</span> <span class='ocrx_word' id='word_1_407' title='bbox 1052 3320 1199 3372; x_wconf 84' lang='lat' dir='ltr'>Gunrvero</span> 
     </span>
     <span class='ocr_line' id='line_1_43' title="bbox 87 3383 1282 3454; baseline 0.006 -22"><span class='ocrx_word' id='word_1_408' title='bbox 87 3383 172 3437; x_wconf 81' lang='lat' dir='ltr'>Pauca</span> <span class='ocrx_word' id='word_1_409' title='bbox 196 3387 280 3437; x_wconf 82' lang='lat' dir='ltr'>nobis</span> <span class='ocrx_word' id='word_1_410' title='bbox 303 3387 436 3438; x_wconf 81' lang='lat' dir='ltr'>ridentur</span> <span class='ocrx_word' id='word_1_411' title='bbox 461 3387 495 3438; x_wconf 83' lang='lat' dir='ltr'>de</span> <span class='ocrx_word' id='word_1_412' title='bbox 521 3401 554 3437; x_wconf 91' lang='lat' dir='ltr'>eo</span> <span class='ocrx_word' id='word_1_413' title='bbox 580 3387 621 3438; x_wconf 91' lang='lat' dir='ltr'>di·</span> <span class='ocrx_word' id='word_1_414' title='bbox 656 3386 789 3454; x_wconf 89' lang='lat' dir='ltr'>posthac,</span> <span class='ocrx_word' id='word_1_415' title='bbox 807 3387 836 3437; x_wconf 88' lang='lat' dir='ltr'>id</span> <span class='ocrx_word' id='word_1_416' title='bbox 856 3386 1037 3452; x_wconf 79' lang='lat' dir='ltr'>estaliquam</span> <span class='ocrx_word' id='word_1_417' title='bbox 1056 3386 1106 3438; x_wconf 89' lang='lat' dir='ltr'>diu</span> <span class='ocrx_word' id='word_1_418' title='bbox 1137 3396 1200 3453; x_wconf 84' lang='lat' dir='ltr'>post</span> <span class='ocrx_word' id='word_1_419' title='bbox 1278 3407 1282 3414; x_wconf 90' lang='lat'>·</span> 
     </span>
     <span class='ocr_line' id='line_1_44' title="bbox 86 3453 1198 3522; baseline 0.004 -20"><span class='ocrx_word' id='word_1_420' title='bbox 86 3453 167 3506; x_wconf 79' lang='lat' dir='ltr'>cende</span> <span class='ocrx_word' id='word_1_421' title='bbox 191 3471 269 3516; x_wconf 86' lang='lat' dir='ltr'>esse,</span> <span class='ocrx_word' id='word_1_422' title='bbox 293 3455 368 3522; x_wconf 91' lang='lat' dir='ltr'>quod</span> <span class='ocrx_word' id='word_1_423' title='bbox 397 3453 471 3506; x_wconf 90' lang='lat' dir='ltr'>hanc</span> <span class='ocrx_word' id='word_1_424' title='bbox 496 3453 621 3522; x_wconf 82' lang='lat' dir='ltr'>Paphum</span> <span class='ocrx_word' id='word_1_425' title='bbox 655 3457 760 3508; x_wconf 84' lang='lat' dir='ltr'>&#39;l&#39;roiea</span> <span class='ocrx_word' id='word_1_426' title='bbox 792 3462 920 3522; x_wconf 85' lang='lat' dir='ltr'>tempora</span> <span class='ocrx_word' id='word_1_427' title='bbox 944 3454 1048 3506; x_wconf 84' lang='lat' dir='ltr'>Graeci</span> <span class='ocrx_word' id='word_1_428' title='bbox 1079 3457 1198 3517; x_wconf 86' lang='lat' dir='ltr'>relictis,</span> 
     </span>
     <span class='ocr_line' id='line_1_45' title="bbox 87 3521 1198 3592; baseline 0.007 -24"><span class='ocrx_word' id='word_1_429' title='bbox 87 3523 183 3574; x_wconf 65' lang='lat' dir='ltr'>strabo</span> <span class='ocrx_word' id='word_1_430' title='bbox 204 3523 360 3592; x_wconf 56' lang='lat' dir='ltr'>‚conditam</span> <span class='ocrx_word' id='word_1_431' title='bbox 388 3524 422 3574; x_wconf 92' lang='lat' dir='ltr'>ab</span> <span class='ocrx_word' id='word_1_432' title='bbox 454 3525 620 3590; x_wconf 80' lang='lat' dir='ltr'>Agapenore</span> <span class='ocrx_word' id='word_1_433' title='bbox 655 3521 724 3592; x_wconf 81' lang='lat' dir='ltr'>quas</span> <span class='ocrx_word' id='word_1_434' title='bbox 746 3531 918 3590; x_wconf 89' lang='lat' dir='ltr'>postremum</span> <span class='ocrx_word' id='word_1_435' title='bbox 938 3522 1104 3587; x_wconf 82' lang='lat' dir='ltr'>habuerant,</span> <span class='ocrx_word' id='word_1_436' title='bbox 1125 3525 1198 3576; x_wconf 89' lang='lat' dir='ltr'>sedi-</span> 
     </span>
     <span class='ocr_line' id='line_1_46' title="bbox 86 3589 1253 3660; baseline 0.003 -22"><span class='ocrx_word' id='word_1_437' title='bbox 86 3589 162 3654; x_wconf 90' lang='lat' dir='ltr'>dicit,</span> <span class='ocrx_word' id='word_1_438' title='bbox 183 3593 469 3645; x_wconf 81' lang='lat' dir='ltr'>euniautcrndnoetn</span> <span class='ocrx_word' id='word_1_439' title='bbox 480 3593 619 3644; x_wconf 79' lang='lat' dir='ltr'>Arcadum</span> <span class='ocrx_word' id='word_1_440' title='bbox 654 3595 706 3646; x_wconf 88' lang='lat' dir='ltr'>hus</span> <span class='ocrx_word' id='word_1_441' title='bbox 724 3593 1117 3654; x_wconf 85' lang='lat' dir='ltr'>adeademlocavenissent,</span> <span class='ocrx_word' id='word_1_442' title='bbox 1135 3609 1198 3660; x_wconf 90' lang='lat' dir='ltr'>par·</span> <span class='ocrx_word' id='word_1_443' title='bbox 1247 3597 1253 3610; x_wconf 78' lang='lat'>⁸</span> 
     </span>
     <span class='ocr_line' id='line_1_47' title="bbox 87 3656 1196 3730; baseline 0.007 -24"><span class='ocrx_word' id='word_1_444' title='bbox 87 3656 416 3728; x_wconf 82' lang='lat' dir='ltr'>luissererertentemqne</span> <span class='ocrx_word' id='word_1_445' title='bbox 433 3662 620 3714; x_wconf 85' lang='lat' dir='ltr'>abelloTro·</span> <span class='ocrx_word' id='word_1_446' title='bbox 654 3663 705 3713; x_wconf 86' lang='lat' dir='ltr'>tim</span> <span class='ocrx_word' id='word_1_447' title='bbox 724 3676 821 3715; x_wconf 88' lang='lat' dir='ltr'>eorum</span> <span class='ocrx_word' id='word_1_448' title='bbox 840 3678 905 3716; x_wconf 88' lang='lat' dir='ltr'>cum</span> <span class='ocrx_word' id='word_1_449' title='bbox 929 3659 1043 3730; x_wconf 87' lang='lat' dir='ltr'>Paphiis</span> <span class='ocrx_word' id='word_1_450' title='bbox 1068 3660 1196 3714; x_wconf 85' lang='lat' dir='ltr'>habitare</span> 
     </span>
     <span class='ocr_line' id='line_1_48' title="bbox 86 3726 1197 3800; baseline 0.005 -25"><span class='ocrx_word' id='word_1_451' title='bbox 86 3726 144 3779; x_wconf 89' lang='lat' dir='ltr'>iano</span> <span class='ocrx_word' id='word_1_452' title='bbox 169 3728 223 3781; x_wconf 88' lang='lat' dir='ltr'>buc</span> <span class='ocrx_word' id='word_1_453' title='bbox 242 3730 388 3796; x_wconf 88' lang='lat' dir='ltr'>appulsum</span> <span class='ocrx_word' id='word_1_454' title='bbox 414 3744 492 3791; x_wconf 85' lang='lat' dir='ltr'>esse,</span> <span class='ocrx_word' id='word_1_455' title='bbox 518 3746 619 3782; x_wconf 88' lang='lat' dir='ltr'>memo·</span> <span class='ocrx_word' id='word_1_456' title='bbox 655 3738 825 3798; x_wconf 86' lang='lat' dir='ltr'>coeperunt,</span> <span class='ocrx_word' id='word_1_457' title='bbox 850 3732 954 3800; x_wconf 90' lang='lat' dir='ltr'>partim</span> <span class='ocrx_word' id='word_1_458' title='bbox 987 3747 1049 3782; x_wconf 89' lang='lat' dir='ltr'>cum</span> <span class='ocrx_word' id='word_1_459' title='bbox 1083 3731 1129 3793; x_wconf 89' lang='lat' dir='ltr'>iis,</span> <span class='ocrx_word' id='word_1_460' title='bbox 1149 3731 1197 3799; x_wconf 93' lang='lat' dir='ltr'>qui</span> 
     </span>
     <span class='ocr_line' id='line_1_49' title="bbox 86 3796 1196 3867; baseline 0.005 -23"><span class='ocrx_word' id='word_1_461' title='bbox 86 3796 140 3848; x_wconf 89' lang='lat' dir='ltr'>riao</span> <span class='ocrx_word' id='word_1_462' title='bbox 157 3799 193 3850; x_wconf 91' lang='lat' dir='ltr'>ab</span> <span class='ocrx_word' id='word_1_463' title='bbox 212 3797 277 3850; x_wconf 84' lang='lat' dir='ltr'>aliis</span> <span class='ocrx_word' id='word_1_464' title='bbox 296 3799 442 3865; x_wconf 87' lang='lat' dir='ltr'>proditum</span> <span class='ocrx_word' id='word_1_465' title='bbox 459 3805 512 3852; x_wconf 84' lang='lat' dir='ltr'>est.</span> <span class='ocrx_word' id='word_1_466' title='bbox 530 3801 619 3866; x_wconf 74' lang='lat' dir='ltr'>Saepe</span> <span class='ocrx_word' id='word_1_467' title='bbox 654 3800 689 3852; x_wconf 87' lang='lat' dir='ltr'>ad</span> <span class='ocrx_word' id='word_1_468' title='bbox 718 3806 828 3867; x_wconf 93' lang='lat' dir='ltr'>portum</span> <span class='ocrx_word' id='word_1_469' title='bbox 859 3799 1062 3863; x_wconf 88' lang='lat' dir='ltr'>consederant,</span> <span class='ocrx_word' id='word_1_470' title='bbox 1087 3799 1138 3852; x_wconf 88' lang='lat' dir='ltr'>alli</span> <span class='ocrx_word' id='word_1_471' title='bbox 1168 3800 1196 3850; x_wconf 85' lang='lat' dir='ltr'>is</span> 
     </span>
     <span class='ocr_line' id='line_1_50' title="bbox 86 3865 1197 3937; baseline 0.005 -21"><span class='ocrx_word' id='word_1_472' title='bbox 86 3871 173 3918; x_wconf 86' lang='lat' dir='ltr'>autem</span> <span class='ocrx_word' id='word_1_473' title='bbox 200 3865 255 3918; x_wconf 87' lang='lat' dir='ltr'>hoc</span> <span class='ocrx_word' id='word_1_474' title='bbox 280 3867 376 3919; x_wconf 87' lang='lat' dir='ltr'>mirati</span> <span class='ocrx_word' id='word_1_475' title='bbox 401 3883 512 3928; x_wconf 86' lang='lat' dir='ltr'>sumus,</span> <span class='ocrx_word' id='word_1_476' title='bbox 543 3867 619 3935; x_wconf 89' lang='lat' dir='ltr'>quod</span> <span class='ocrx_word' id='word_1_477' title='bbox 653 3883 740 3937; x_wconf 85' lang='lat' dir='ltr'>agros</span> <span class='ocrx_word' id='word_1_478' title='bbox 766 3882 940 3921; x_wconf 79' lang='lat' dir='ltr'>concessere.</span> <span class='ocrx_word' id='word_1_479' title='bbox 985 3867 1039 3924; x_wconf 82' lang='lat' dir='ltr'>Sed</span> <span class='ocrx_word' id='word_1_480' title='bbox 1066 3866 1125 3936; x_wconf 76' lang='lat' dir='ltr'>qua</span> <span class='ocrx_word' id='word_1_481' title='bbox 1153 3871 1197 3922; x_wconf 78' lang='lat' dir='ltr'>vel</span> 
     </span>
     <span class='ocr_line' id='line_1_51' title="bbox 85 3934 1196 4006; baseline 0.005 -24"><span class='ocrx_word' id='word_1_482' title='bbox 85 3948 114 3984; x_wconf 83' lang='lat' dir='ltr'>ea</span> <span class='ocrx_word' id='word_1_483' title='bbox 131 3950 190 3999; x_wconf 85' lang='lat' dir='ltr'>res,</span> <span class='ocrx_word' id='word_1_484' title='bbox 211 3951 273 3988; x_wconf 87' lang='lat' dir='ltr'>cum</span> <span class='ocrx_word' id='word_1_485' title='bbox 297 3943 373 3988; x_wconf 87' lang='lat' dir='ltr'>esset</span> <span class='ocrx_word' id='word_1_486' title='bbox 398 3938 440 3990; x_wconf 84' lang='lat' dir='ltr'>ita</span> <span class='ocrx_word' id='word_1_487' title='bbox 466 3938 618 3988; x_wconf 88' lang='lat' dir='ltr'>memoriae</span> <span class='ocrx_word' id='word_1_488' title='bbox 653 3939 755 4006; x_wconf 90' lang='lat' dir='ltr'>quibus</span> <span class='ocrx_word' id='word_1_489' title='bbox 772 3939 936 3990; x_wconf 84' lang='lat' dir='ltr'>nationibus</span> <span class='ocrx_word' id='word_1_490' title='bbox 962 3935 989 3988; x_wconf 91' lang='lat' dir='ltr'>hi</span> <span class='ocrx_word' id='word_1_491' title='bbox 1010 3937 1111 3990; x_wconf 78' lang='lat' dir='ltr'>Graeci</span> <span class='ocrx_word' id='word_1_492' title='bbox 1137 3934 1196 3990; x_wconf 84' lang='lat' dir='ltr'>iue-</span> 
     </span>
     <span class='ocr_line' id='line_1_52' title="bbox 85 4004 1196 4074; baseline 0.006 -23"><span class='ocrx_word' id='word_1_493' title='bbox 85 4004 198 4066; x_wconf 87' lang='lat' dir='ltr'>prodita,</span> <span class='ocrx_word' id='word_1_494' title='bbox 217 4007 303 4060; x_wconf 86' lang='lat' dir='ltr'>etiam</span> <span class='ocrx_word' id='word_1_495' title='bbox 330 4004 440 4057; x_wconf 89' lang='lat' dir='ltr'>credita</span> <span class='ocrx_word' id='word_1_496' title='bbox 464 4012 507 4056; x_wconf 88' lang='lat' dir='ltr'>est</span> <span class='ocrx_word' id='word_1_497' title='bbox 532 4010 617 4072; x_wconf 87' lang='lat' dir='ltr'>atque</span> <span class='ocrx_word' id='word_1_498' title='bbox 652 4007 711 4058; x_wconf 87' lang='lat' dir='ltr'>rint</span> <span class='ocrx_word' id='word_1_499' title='bbox 735 4013 763 4059; x_wconf 88' lang='lat' dir='ltr'>ct</span> <span class='ocrx_word' id='word_1_500' title='bbox 786 4013 883 4058; x_wconf 89' lang='lat' dir='ltr'>utrum</span> <span class='ocrx_word' id='word_1_501' title='bbox 912 4021 969 4056; x_wconf 92' lang='lat' dir='ltr'>nno</span> <span class='ocrx_word' id='word_1_502' title='bbox 998 4012 1126 4074; x_wconf 85' lang='lat' dir='ltr'>tempore</span> <span class='ocrx_word' id='word_1_503' title='bbox 1152 4023 1196 4058; x_wconf 88' lang='lat' dir='ltr'>ve·</span> 
     </span>
     <span class='ocr_line' id='line_1_53' title="bbox 85 4072 1195 4142; baseline 0.005 -21"><span class='ocrx_word' id='word_1_504' title='bbox 85 4084 176 4126; x_wconf 89' lang='lat' dir='ltr'>omnes</span> <span class='ocrx_word' id='word_1_505' title='bbox 192 4074 236 4125; x_wconf 86' lang='lat' dir='ltr'>ita</span> <span class='ocrx_word' id='word_1_506' title='bbox 248 4073 390 4136; x_wconf 81' lang='lat' dir='ltr'>scribunt,</span> <span class='ocrx_word' id='word_1_507' title='bbox 408 4072 534 4140; x_wconf 87' lang='lat' dir='ltr'>Paphum</span> <span class='ocrx_word' id='word_1_508' title='bbox 553 4089 617 4126; x_wconf 87' lang='lat' dir='ltr'>oon·</span> <span class='ocrx_word' id='word_1_509' title='bbox 653 4075 746 4127; x_wconf 84' lang='lat' dir='ltr'>norint</span> <span class='ocrx_word' id='word_1_510' title='bbox 770 4091 805 4126; x_wconf 88' lang='lat' dir='ltr'>an</span> <span class='ocrx_word' id='word_1_511' title='bbox 830 4074 882 4126; x_wconf 89' lang='lat' dir='ltr'>alii</span> <span class='ocrx_word' id='word_1_512' title='bbox 904 4075 978 4142; x_wconf 88' lang='lat' dir='ltr'>alio,</span> <span class='ocrx_word' id='word_1_513' title='bbox 1003 4074 1054 4127; x_wconf 84' lang='lat' dir='ltr'>has</span> <span class='ocrx_word' id='word_1_514' title='bbox 1079 4090 1125 4128; x_wconf 86' lang='lat' dir='ltr'>res</span> <span class='ocrx_word' id='word_1_515' title='bbox 1150 4078 1195 4126; x_wconf 76' lang='lat' dir='ltr'>sia</span> 
     </span>
     <span class='ocr_line' id='line_1_54' title="bbox 85 4137 1196 4213; baseline 0.007 -26"><span class='ocrx_word' id='word_1_516' title='bbox 85 4137 167 4192; x_wconf 82' lang='lat' dir='ltr'>diram</span> <span class='ocrx_word' id='word_1_517' title='bbox 181 4158 242 4197; x_wconf 82' lang='lat' dir='ltr'>esec</span> <span class='ocrx_word' id='word_1_518' title='bbox 259 4143 295 4196; x_wconf 76' lang='lat' dir='ltr'>ab</span> <span class='ocrx_word' id='word_1_519' title='bbox 307 4144 473 4202; x_wconf 78' lang='lat' dir='ltr'>Arcadibus.</span> <span class='ocrx_word' id='word_1_520' title='bbox 492 4141 618 4211; x_wconf 75' lang='lat' dir='ltr'>Paphum</span> <span class='ocrx_word' id='word_1_521' title='bbox 653 4143 822 4213; x_wconf 80' lang='lat' dir='ltr'>investigari</span> <span class='ocrx_word' id='word_1_522' title='bbox 836 4143 921 4206; x_wconf 83' lang='lat' dir='ltr'>licet,</span> <span class='ocrx_word' id='word_1_523' title='bbox 943 4144 994 4195; x_wconf 88' lang='lat' dir='ltr'>sed</span> <span class='ocrx_word' id='word_1_524' title='bbox 1008 4159 1056 4196; x_wconf 89' lang='lat' dir='ltr'>eos</span> <span class='ocrx_word' id='word_1_525' title='bbox 1071 4142 1196 4198; x_wconf 71' lang='lat' dir='ltr'>arcadas</span> 
     </span>
     <span class='ocr_line' id='line_1_55' title="bbox 76 4207 1194 4282; baseline 0.004 -22"><span class='ocrx_word' id='word_1_526' title='bbox 76 4207 167 4273; x_wconf 76' lang='lat' dir='ltr'>igitur</span> <span class='ocrx_word' id='word_1_527' title='bbox 184 4219 312 4266; x_wconf 78' lang='lat' dir='ltr'>veterem</span> <span class='ocrx_word' id='word_1_528' title='bbox 337 4213 477 4266; x_wconf 86' lang='lat' dir='ltr'>coloniam</span> <span class='ocrx_word' id='word_1_529' title='bbox 496 4210 618 4266; x_wconf 86' lang='lat' dir='ltr'>Phoeni·</span> <span class='ocrx_word' id='word_1_530' title='bbox 653 4211 744 4266; x_wconf 82' lang='lat' dir='ltr'>luisse</span> <span class='ocrx_word' id='word_1_531' title='bbox 762 4226 918 4280; x_wconf 87' lang='lat' dir='ltr'>eorumque</span> <span class='ocrx_word' id='word_1_532' title='bbox 938 4211 1008 4266; x_wconf 86' lang='lat' dir='ltr'>duce</span> <span class='ocrx_word' id='word_1_533' title='bbox 1029 4215 1194 4282; x_wconf 79' lang='lat' dir='ltr'>Agapenore</span> 
     </span>
     <span class='ocr_line' id='line_1_56' title="bbox 15 4280 1194 4382; baseline 0.001 -52"><span class='ocrx_word' id='word_1_534' title='bbox 15 4281 17 4382; x_wconf 59' lang='lat' dir='ltr'>q</span> <span class='ocrx_word' id='word_1_535' title='bbox 85 4291 142 4330; x_wconf 79' lang='lat' dir='ltr'>curn</span> <span class='ocrx_word' id='word_1_536' title='bbox 161 4295 235 4349; x_wconf 86' lang='lat' dir='ltr'>esse,</span> <span class='ocrx_word' id='word_1_537' title='bbox 260 4295 321 4334; x_wconf 83' lang='lat' dir='ltr'>cum</span> <span class='ocrx_word' id='word_1_538' title='bbox 347 4282 403 4337; x_wconf 86' lang='lat' dir='ltr'>alia</span> <span class='ocrx_word' id='word_1_539' title='bbox 431 4282 534 4337; x_wconf 81' lang='lat' dir='ltr'>docent</span> <span class='ocrx_word' id='word_1_540' title='bbox 558 4288 617 4336; x_wconf 84' lang='lat' dir='ltr'>tun</span> <span class='ocrx_word' id='word_1_541' title='bbox 653 4283 745 4337; x_wconf 85' lang='lat' dir='ltr'>&#39;l&#39;roia</span> <span class='ocrx_word' id='word_1_542' title='bbox 776 4297 874 4336; x_wconf 84' lang='lat' dir='ltr'>eversa</span> <span class='ocrx_word' id='word_1_543' title='bbox 903 4280 972 4334; x_wconf 90' lang='lat' dir='ltr'>illuc</span> <span class='ocrx_word' id='word_1_544' title='bbox 1001 4283 1127 4344; x_wconf 82' lang='lat' dir='ltr'>venisse,</span> <span class='ocrx_word' id='word_1_545' title='bbox 1166 4281 1194 4332; x_wconf 86' lang='lat' dir='ltr'>id</span> 
     </span>
    </p>
   </div>
   <div class='ocr_carea' id='block_1_3' title="bbox 0 0 1445 4814">
    <p class='ocr_par' dir='ltr' id='par_1_3' title="bbox 0 0 1445 4814">
     <span class='ocr_line' id='line_1_57' title="bbox 0 0 1445 4814; baseline 0 0"><span class='ocrx_word' id='word_1_546' title='bbox 0 0 1445 4814; x_wconf 95' lang='lat' dir='ltr'> </span> 
     </span>
    </p>
   </div>
  </div>
 </body>
</html>
