2872 4814
233 342 294 412 m
445 336 863 404 ΣΤΑΛΙΑΣΜΟΣ.ΗΊὈΙ
883 335 1141 400 ΠΕΡΙΠΛΟῬΣ

233 529 336 606 Δῆλον
358 524 439 591 trud.
461 521 516 588 ua!
559 520 633 588 Ἀπὸ
656 517 711 585 ud
734 521 778 596 sle
798 519 902 602 Λὲρον
922 521 1005 584 med.
1026 516 1101 584 rm'1
1146 515 1221 584 ’Λπὸ
1243 519 1334 602 Λέρου

232 626 283 690 est
309 622 344 690 τὸ
369 623 570 706 Παρθένιον1
601 625 683 686 cred.
706 617 737 696 ξ]
781 617 855 684 Ἀπὸ
883 619 986 702 Λέρου
1007 619 1057 682 tel
1083 616 1117 683 τὸ
1140 627 1196 702 τῆς
1218 619 1334 702 Ho'crpov

232 723 437 808 :spatiumst
464 726 546 789 σταὸ.
577 719 610 788 σ.’
669 717 743 784 ’And
774 725 829 784 τοῦ
857 718 1032 801 ’adpetentes
1060 720 1110 784 ἐπὸ
1132 717 1188 802 τὴν
1210 723 1335 801 Kopolcr

232 827 312 891 σταὸ.
335 822 370 888 v!
393 820 466 887 Ἀπὸ
485 805 538 904 γῆς
552 821 670 902 dr'rtrnc4
692 821 866 903 Ἀμαζονίου
882 821 926 897 εἰς
941 825 1045 902 Δῆλον
1064 823 1143 885 cred.
1157 819 1248 900 rpvs⁵
1271 819 1332 885 Ἀπὸ

232 926 338 1010 Δήλου
367 926 411 1002 εἰς
442 925 520 986 Χίον
548 923 627 985 crud.
652 918 732 1004 pv.'⁶
777 917 851 984 Ἀπὸ
873 919 1025 1004 ’Ἀνὸρου’
1054 923 1096 996 εἰς
1116 923 1221 1003 λιμένα
1246 923 1333 1004 Trione

115 1115 117 1118 ’
231 1107 419 1168 APenormo
447 1107 477 1162 in
498 1085 604 1161 Delum
625 1103 719 1161 stadia
744 1105 810 1161 420.
857 1105 879 1160 A
902 1103 944 1160 Co
970 1105 1001 1160 in
1027 1105 1134 1164 Larum
1161 1108 1255 1164 stadia
1276 1108 1331 1164 320.

230 1185 253 1241 A
278 1181 351 1241 Lero
372 1184 408 1240 ad
428 1179 617 1239 Parthenium
637 1179 731 1236 stadia
750 1181 796 1236 00.
831 1181 854 1236 A
875 1179 950 1236 Lero
971 1179 1008 1238 ad
1023 1183 1216 1244 Amazonium
1232 1181 1333 1240 Pethmi

230 1259 413 1317 eradicato.
462 1257 506 1316 Ab
536 1259 697 1314 Amazonio
729 1255 767 1312 ad
787 1254 941 1315 Corassias
971 1257 1066 1314 stadie
1092 1261 1158 1316 400.
1209 1259 1232 1316 A
1257 1261 1332 1314 litore

231 1337 383 1392 Amazonii
410 1332 446 1391 ad
473 1331 579 1400 Delum
606 1331 787 1390 0101110750.
836 1335 859 1388 A
890 1329 965 1392 Delo
991 1334 1023 1390 in
1042 1332 1145 1393 Chium
1166 1335 1259 1393 stadia
1280 1335 1331 1390 litt

231 1411 273 1468 Ab
301 1411 401 1468 Andro
432 1408 468 1466 od
496 1417 612 1481 portum
640 1407 715 1468 Teni
743 1405 837 1464 stadia
863 1408 909 1464 80.
950 1409 974 1465 A
1000 1408 1084 1467 Tene
1110 1411 1146 1469 ad
1176 1421 1333 1484 promonto-

230 1621 388 1688 pestetibus
408 1621 480 1684 sint,
507 1627 584 1674 certe
611 1637 628 1674 a
654 1620 767 1689 quibus·
803 1619 890 1671 ravit.
924 1617 983 1670 Neo
1014 1627 1106 1672 tamen
1143 1623 1259 1676 dubium
1282 1637 1335 1674 csse

230 1691 309 1754 darn,
328 1705 399 1758 quse
417 1690 463 1742 vet
481 1697 590 1742 aestate
613 1691 658 1741 vel
676 1689 769 1744 hieme
804 1694 916 1755 potest,
942 1688 1013 1754 quin
1035 1696 1163 1744 extrema
1182 1709 1264 1759 pars,
1285 1707 1335 1758 qua

229 1759 643 1826 veleuertisregionibusoriri
658 1759 768 1818 solent3
804 1755 901 1821 insula
917 1754 1051 1808 Patlrmus
1075 1761 1224 1813 meridiem
1248 1777 1336 1812 versus

230 1823 374 1894 πάνορμος
403 1827 492 1878 locum
531 1827 688 1894 significat,
721 1827 769 1878 ubi
804 1826 833 1876 in
855 1838 932 1876 mare
953 1831 1085 1890 porrecte
1103 1835 1165 1892 est,
1183 1830 1337 1898 intelligen-

230 1903 332 1948 natura
366 1895 460 1948 litoris
495 1910 531 1948 ea
556 1902 615 1956 est,
651 1901 683 1946 ut
713 1908 770 1944 non
806 1893 906 1947 daeit.
928 1893 1147 1948 Easinedubio
1167 1908 1336 1964 portomop-

229 1965 312 2016 modo
328 1977 413 2015 nares
424 1962 563 2014 facillime
575 1969 603 2016 et
616 1963 771 2028 aptissimis
804 1960 987 2028 pidulumque
1007 1960 1124 2028 habuit,
1148 1973 1234 2035 atque
1255 1968 1281 2017 in
1307 1983 1336 2018 ee

229 2032 301 2084 loeis
324 2031 359 2084 ad
384 2031 414 2081 id
439 2032 548 2097 possint
569 2031 688 2097 appelli,
720 2031 770 2082 sed
803 2029 960 2082 Amazones
979 2029 1140 2101 habitasse,
1165 2051 1200 2086 eo
1224 2035 1336 2088 credibi-

229 2103 314 2154 etiam
345 2097 481 2166 appulsae
506 2114 524 2149 0
554 2099 770 2166 tempestatibus
804 2097 1337 2172 11000010010110010010000,000010

229 2168 273 2222 vel
287 2173 396 2221 aestate
414 2169 459 2220 vel
476 2166 567 2220 hieme
588 2169 658 2220 oriri
677 2168 771 2218 solitis
805 2180 857 2218 ora
881 2167 964 2220 Asiae
990 2171 1109 2224 minoris
1134 2169 1188 2224 liae
1213 2173 1336 2225 mulieres

228 2237 341 2290 soleant
370 2251 444 2300 esse,
474 2241 562 2290 tutae.
610 2237 697 2302 (Hinc
727 2235 770 2288 fa·
804 2242 834 2286 et
851 2235 959 2300 Cymen
978 2243 1007 2288 et
1024 2237 1165 2306 Ephesum
1184 2242 1336 2294 condidisse

229 2311 303 2358 ctum
337 2311 397 2368 est,
433 2310 464 2356 ut
495 2305 584 2359 multa
618 2304 737 2372 oppida‘
754 2319 772 2354 a
805 2302 933 2358 creditae
953 2313 1033 2370 sunt3
1057 2308 1185 2378 illudque
1203 2327 1265 2363 cum
1284 2325 1336 2363 cre·

229 2374 349 2427 Graecis
380 2373 559 2428 Panormi
584 2373 662 2424 diota
691 2370 770 2436 sint.)
806 2371 897 2424 ditum
917 2379 975 2439 est,
998 2374 1077 2428 loeus
1100 2378 1136 2430 ab
1157 2393 1248 2446 eoque
1267 2379 1337 2446 oppi-

228 2437 318 2510 Λιμὴν
345 2441 464 2506 densique
490 2441 585 2492 locum
618 2439 769 2506 significat,
804 2439 870 2490 dum
902 2449 1057 2509 portusque
1086 2447 1271 2500 Amazonium
1297 2463 1336 2514 sp·

228 2510 277 2562 ubi
300 2510 368 2562 litus
393 2513 452 2560 tarn
477 2506 563 2576 longe
587 2507 716 2568 recedit,
738 2513 769 2558 ut
804 2505 912 2572 pollata
929 2516 1003 2562 sunt.
1065 2569 1068 2574 ,

227 2578 307 2645 palus
327 2576 480 2644 quaedam,
499 2591 572 2642 quae
598 2576 767 2644 aliquapianr
837 2574 865 2636 4)
884 2576 916 2626 ln
935 2578 1098 2645 apographo
1121 2577 1268 2649 0111ἅο00.
1298 2580 1337 2634 Sic

121 2684 123 2688 -
227 2647 355 2712 partein
376 2659 452 2696 mare
474 2659 573 2695 versus
598 2650 697 2710 aperta
715 2649 768 2705 est,
803 2643 1012 2708 existimemus,
1044 2649 1194 2702 Amazonii
1226 2651 1337 2704 alterum

227 2713 387 2768 efficiatur:
416 2718 503 2779 atque
521 2713 607 2768 etiam
633 2711 715 2780 λίμνη
740 2717 767 2762 01
802 2711 887 2771 11100,
912 2713 989 2779 quod
1014 2714 1050 2766 ad
1075 2717 1254 2770 occidentem
1283 2733 1337 2784 spe·

227 2777 309 2851 1ιμὴν
321 2781 358 2834 00
373 2781 472 2834 eodem
485 2780 572 2834 verbo
587 2779 668 2849 10100
690 2778 768 2831 10010
802 2778 906 2846 stabat,
928 2784 1046 2850 aequale
1056 2781 1202 2838 fuisseueo
1215 2785 1340 2844 habuisse

226 2859 306 2914 sunt3
334 2847 415 2916 llum
440 2848 515 2900 enim
539 2848 633 2899 locum
661 2847 766 2916 signifi·
804 2845 879 2898 ullos
897 2855 948 2900 aut
964 2851 1093 2904 minimos
1108 2869 1246 2908 recessus.
1270 2858 1338 2908 Hine

226 2925 287 2980 cat,
317 2918 347 2968 in
366 2933 423 2986 qua
441 2914 514 2984 a'qua
533 2915 701 2972 diffunditur
724 2914 769 2967 vel
803 2913 858 2972 hoc
879 2913 955 2968 latus
973 2913 1043 2988 ὸῖκπη
1058 2921 1116 2973 dici
1136 2924 1254 2978 solitum
1275 2932 1321 2977 est.

226 2985 282 3039 hue
300 2984 370 3036 illuc
396 2984 476 3046 0011,
503 2979 585 3052 λιμὴν
609 2991 704 3036 autern
727 2983 767 3054 lo·
837 2984 864 3044 5)
897 2986 977 3038 Haec
1011 2996 1090 3042 recta
1114 3005 1249 3045 mensura
1284 2999 1336 3052 est3

227 3070 288 3135 oum
303 3053 455 3171 signfliliozrt
470 3051 630 3170 {Uifeffidt'
649 3059 681 3133 ut
695 3067 769 3172 ³qu
803 3066 867 3103 nam
883 3053 992 3172 l'ltinius
1009 3055 1124 3177 11οἱ1000
1138 3075 1155 3111 0
1168 3060 1242 3114 Delo
1266 3063 1336 3142 quin·

225 3135 769 3266 11111110...10001111
803 3126 1336 3264 111111.0110111100

224 3252 767 3394 0000110001101
800 3209 1229 3398 tiroandensis.
1239 3266 1335 3388 01·

257 3399 287 3459 4)
304 3395 422 3462 Ναξίων
436 3393 511 3448 haud
528 3393 614 3448 dubie
630 3395 747 3447 excidit.
800 3395 906 3448 vallum
943 3405 988 3448 est
1019 3399 1162 3470 Pliniique
1196 3418 1335 3458 messurae

256 3467 284 3530 1)
303 3467 477 3532 Quamquam
494 3460 566 3516 nihil
581 3465 766 3526 correximus,
798 3463 944 3518 breviores
963 3481 1026 3523 esse
1043 3470 1146 3525 solent.

224 3540 318 3592 tamen
344 3547 400 3586 non
427 3532 605 3593 dubitamus,
631 3534 714 3600 quin,
733 3537 766 3586 ut
833 3533 860 3597 d)
882 3533 972 3586 Scribi
1002 3536 1087 3592 debet
1108 3536 1167 3607 pv'.
1203 3539 1277 3594 Nam
1299 3540 1334 3592 in·

224 3617 317 3670 supra,
336 3597 377 3656 sv'
397 3600 576 3653 scribendum
594 3601 642 3652 sit.
799 3603 950 3658 tervallum
965 3603 1035 3658 ¹Deli
1048 3605 1167 3676 Chiiqoe
1186 3609 1271 3662 citius
1284 3623 1334 3660 era·

256 3669 450 3734 2181000000
473 3683 661 3736 prensumque
684 3675 765 3722 reeta
797 3671 842 3722 -ius
856 3687 938 3740 quam
955 3673 1048 3729 minus
1068 3691 1150 3744 quam
1166 3676 1234 3732 Deli
1257 3674 1331 3729 Path-

222 3746 299 3803 sunt,
316 3746 384 3806 puto
398 3739 544 3806 scopulum
559 3737 694 3805 aliquem,
708 3753 764 3790 non
798 3739 892 3808 nilque
910 3741 1026 3796 dixeris

222 3808 265 3860 ita
285 3808 384 3876 procul
401 3823 418 3861 a
437 3807 513 3860 Lero
534 3805 571 3860 ad
596 3807 764 3874 septentrio·
831 3809 859 3872 l)
879 3810 988 3864 Andros
1013 3807 1099 3876 urbs,
1125 3816 1201 3875 (neor
1226 3813 1262 3866 ab
1286 3809 1332 3862 lrac

223 3891 287 3933 nem
313 3877 415 3939 situm,
445 3875 666 3944 intelligendum
691 3890 762 3930 esse.
798 3892 870 3932 nare
894 3884 1046 3944 provectus
1074 3887 1118 3934 est
1142 3887 1243 3936 auctor
1265 3879 1331 3963 peri·

221 3943 359 3996 Fortasse
390 3945 415 3996 is
452 3945 587 4012 templum
617 3943 764 4000 Minervae
798 3945 851 4012 pli)
871 3945 902 4000 in
928 3948 1063 4005 orientali
1080 3957 1161 4020 perte
1185 3950 1276 4004 Andri
1296 3948 1331 3998 in·

221 4011 321 4073 habuit
342 4018 520 4082 portumque.
797 4013 877 4068 sulae
894 4021 924 4070 st
938 4014 1115 4087 aliquantum
1128 4017 1204 4074 infra
1217 4016 1332 4074 mediam

255 4083 282 4144 3)
301 4084 332 4134 10
347 4081 511 4150 apographo
526 4072 762 4147 estllpalevlmn.
796 4082 918 4138 insulem
941 4087 997 4140 sita
1020 4086 1093 4154 1011,
1118 4095 1218 4156 portus
1243 4091 1332 4139 autem

220 4151 285 4204 Hoc
302 4151 488 4207 Ausaaonium
513 4147 625 4204 Pathmi
648 4156 762 4217 praeter
796 4152 869 4204 Teni
896 4154 926 4206 in
944 4157 1092 4224 superiore
1120 4163 1204 4224 parte
1227 4153 1331 4208 insulae

220 4219 294 4274 huuc
311 4223 476 4287 scriptorem
494 4233 579 4272 nemo
593 4233 760 4274 commemo·
796 4218 868 4284 fuit,
894 4222 937 4278 110
967 4230 1000 4276 01
1024 4240 1159 4280 mensura
1190 4223 1331 4292 octoginta

247 4307 255 4324 ⁸
477 4309 496 4338 Ι
