2872 4814
235 351 300 419 272
446 349 737 412 ΣΊἹΑΔΜΣΜΟΣ
754 347 863 410 ΗΤΟΙ
881 347 1140 432 marmore

236 535 289 604 tol
308 533 346 600 τὰ
368 533 485 620 ἔγγιστα
505 539 561 618 τῆς
579 523 782 619 Ἀμουῗργίιις1
807 533 858 597 ἐπὶ
879 531 916 598 τὰ
937 533 1050 618 πέρατα
1070 535 1153 599 σποῦ.ι
1176 529 1219 596 rra'
1228 551 1236 568 ·
1255 529 1336 596 tolo
1368 538 1373 546 ‘
1423 553 1424 556 ¹

236 705 398 781 Amorgon,
417 721 489 779 quae
509 712 555 761 est
573 701 709 780 proxime
727 721 746 760 a
759 699 878 775 cinero,
898 699 992 760 stadia
1012 700 1064 759 85:
1085 709 1115 759 et
1133 697 1337 778 praeterveetio

235 882 303 952 gine
328 885 356 933 et
379 886 498 931 accentu
523 877 607 930 ualde
626 875 772 932 differunt.
807 891 874 946 pers
903 873 1029 938 insulae,
1071 890 1155 944 quem
1178 875 1216 929 erl
1236 882 1339 944 septen.

236 946 355 1018 Apoppn,
374 948 447 1016 quod
461 947 624 1000 sinedubio
638 947 674 998 ab
689 941 773 1014 ripie-
807 947 929 998 trionem
954 959 984 996 se
1008 959 1107 995 versus
1133 959 1251 996 curvare
1275 945 1340 996 ‹lixi-⁴

234 1037 274 1087 pu
306 1018 463 1070 ducendum
496 1021 558 1082 est,
586 1016 771 1084 significarit:
810 1030 880 1068 mus.
894 1015 1029 1065 Mensura
1040 1013 1341 1076 stadiorumLXXllV,

235 1088 358 1139 oleum
381 1087 455 1145 sire,
480 1084 561 1134 verbi
585 1085 705 1155 originis
729 1097 773 1137 ru·
808 1084 837 1134 id
859 1091 903 1135 est
928 1081 1051 1150 quinque
1073 1082 1177 1134 stadiis
1201 1081 1266 1149 plus
1287 1083 1341 1134 duo
1415 1077 1420 1088 ”

234 1159 315 1212 tione
346 1152 459 1216 habita,
497 1152 589 1220 quod
621 1167 775 1220 expres·
808 1150 953 1210 milliaria,
985 1156 1066 1200 reeta
1090 1157 1145 1202 est.
1193 1151 1342 1203 Praeterea
1429 1183 1430 1190 ι

236 1239 309 1276 sum
336 1230 404 1275 est.
445 1223 539 1288 Atque
568 1219 623 1273 hoe
649 1221 773 1290 verbum,
807 1219 879 1272 bueo
912 1217 1031 1270 tlioenda
1058 1227 1198 1286 putamus.
1250 1220 1342 1271 Priore

233 1291 318 1344 liuius
342 1290 433 1358 ipsius
456 1289 574 1358 originis
597 1305 698 1351 eausa,
729 1304 774 1340 ac·
807 1289 871 1341 loeo
895 1285 991 1338 insula
1021 1286 1158 1356 Amorgos
1192 1287 1341 1348 dicebatur,

235 1366 347 1412 uentum
366 1359 396 1410 in
422 1358 578 1425 penultima
596 1357 700 1411 habere
727 1359 773 1410 de·
808 1358 909 1417 altero,
926 1363 959 1406 ιιι
975 1369 1058 1416 nunc,
1077 1355 1222 1423 Amorgia.
1247 1359 1341 1419 Quam-

234 1430 292 1481 bet.
332 1421 462 1514 'Aptopprip
498 1435 596 1478 eontra
632 1427 706 1495 (uem
737 1427 773 1480 de
808 1441 889 1494 quarn
903 1425 958 1474 viri
976 1425 1054 1474 docti
1073 1424 1162 1474 solam
1179 1425 1341 1492 scripturam

192 1535 195 1548 .
233 1497 326 1549 lorma
343 1493 452 1562 αμοργὴ
476 1493 547 1546 nihil
576 1493 773 1560 neminemne)
807 1499 944 1561 Amorgos
962 1500 1068 1543 rectam
1088 1499 1203 1560 putant,
1221 1507 1284 1544 eam
1301 1500 1342 1543 ta-

232 1565 338 1618 laetum
365 1578 398 1615 ex
423 1557 541 1632 &poppis
567 1570 618 1618 est.
653 1558 775 1635 {inopie
807 1577 870 1615 nien
887 1573 951 1626 ,non
987 1561 1177 1628 recipiendam
1210 1561 1342 1621 ducimus,

189 1694 190 1698 ἵ
233 1640 330 1687 eutem
344 1632 518 1702 primitivum
536 1633 597 1684 nine
613 1583 699 1685 duob
711 1648 772 1684 rer·
807 1645 871 1683 enm
887 1630 947 1681 iere
965 1629 1040 1695 apud
1061 1643 1157 1680 omnes
1181 1631 1343 1696 scriptores,

232 1703 299 1757 bom
323 1709 368 1754 est
391 1700 587 1770 significatque
611 1701 774 1753 fructum
807 1697 882 1766 apud
912 1711 983 1765 quos
1008 1698 1070 1750 eius
1101 1701 1207 1750 mentio
1237 1699 1286 1761 lit,
1315 1700 1343 1749 in

209 1771 305 1824 'lini
330 1766 537 1836 (lteinlrucht),
569 1783 668 1837 graece
699 1773 772 1822 luvo—
809 1766 1002 1834 compluribus
1024 1765 1180 1818 eodieibus
1203 1768 1344 1833 seriptum

231 1835 359 1907 παλάμην
375 1834 568 1906 ἅμοργόςοιιο,
597 1838 774 1906 quodmodo
807 1830 953 1903 Ἀμουργός
966 1835 1136 1901 reperiatur,
1154 1849 1211 1902 quo
1226 1837 1344 1896 aceedit,

166 1957 170 1968 ,
234 1909 399 1960 tlieeburnus
431 1921 466 1960 ex
497 1906 550 1956 hoe
580 1915 672 1959 ortum
703 1921 774 1969 esse,
807 1913 840 1954 ut
857 1907 900 1956 ab*
913 1903 1047 1955 llieroele
1065 1905 1198 1971 Amorgit
1226 1904 1342 1955 (licetur.

233 1977 345 2044 proprie
381 1973 553 2026 adieetirum
588 1981 650 2038 est,
697 1975 773 2042 quod
807 1972 841 2024 ld
867 1970 1044 2023 heofectum
1066 1977 1124 2034 est,
1151 1972 1225 2038 quod
1242 1973 1271 2022 in
1294 1971 1344 2022 Aoo

232 2045 454 2180 liiffiiliul
464 2041 514 2160 ‘A
527 2056 581 2161 ⁰1¹1
591 2037 774 2164 {ruoprpf
807 2041 911 2162 lilla
933 2039 1344 2162 ltl¹¹0t¹tliltl¹llllllt

231 2147 381 2234 Fla'chs.
416 2179 526 2232 lnsolae
545 2186 639 2232 autern
658 2193 772 2246 nomen,
806 2179 1037 2246 appellationem,
1058 2192 1114 2245 quo
1130 2178 1228 2240 tiebat,
1245 2185 1343 2228 utnon

232 2249 307 2318 quod
339 2248 430 2313 ipsum
457 2263 568 2318 quoque
598 2250 769 2302 adieetivum
804 2247 874 2298 nulli
889 2245 1083 2298 inscribendo
1103 2245 1214 2298 insulae
1232 2249 1344 2296 nomine

230 2319 312 2371 verbi
337 2313 455 2386 oipopple
488 2324 549 2379 est,
573 2316 656 2369 aliam
684 2332 770 2388 quan·
805 2313 979 2383 diphthongo
988 2331 1023 2367 oo
1032 2322 1188 2367 uterentur.
1206 2315 1290 2378 Quod
1299 2331 1343 2366 ao·

232 2387 297 2439 (lani
323 2395 409 2455 etque
434 2385 506 2436 illud
531 2386 769 2453 significationem
803 2392 859 2436 tem
878 2379 1048 2451 scripturam
1073 2383 1209 2452 Amorgia
1232 2385 1344 2446 attinet,

231 2454 329 2520 hebet,
346 2455 597 2524 signifieatenimr·
612 2454 690 2508 ferax
710 2457 768 2508 lou·
804 2468 857 2504 nee
881 2467 943 2504 eant
968 2450 1070 2504 falsam
1100 2459 1249 2520 putantum
1281 2467 1343 2504 nam

232 2532 295 2577 etus
328 2524 380 2576 lini
414 2524 476 2588 illie
509 2522 770 2576 Leinlruchtreiolre
804 2521 898 2589 plures
914 2522 1031 2585 insulae,
1049 2522 1128 2572 verbi
1145 2537 1232 2573 eausa
1247 2522 1344 2583 Leros,

231 2594 328 2658 lnsel).
348 2593 385 2644 Ut
401 2607 468 2644 vero
484 2587 609 2660 οἶμοργις,
627 2593 670 2644 ita
686 2587 771 2661 o'pop·
804 2591 915 2658 learns,
949 2592 1021 2654 Cos,
1052 2597 1149 2642 earum
1191 2591 1343 2642 adieetirit

230 2657 281 2784 trie
305 2675 432 2731 quoque,
453 2663 481 2712 iu
501 2663 601 2713 ultima
624 2669 769 2714 accentum
803 2658 1257 2729 lormis‘appelleritoliteesunt.
1283 2661 1343 2714 Sta·

252 2731 327 2786 abet.
377 2733 445 2782 Cum
473 2745 537 2782 uero
569 2731 624 2782 iste
660 2729 769 2783 fruetus
804 2730 855 2780 tim
884 2737 946 2796 post
978 2729 1045 2782 urbs
1068 2726 1175 2782 Μινώα
1201 2735 1279 2792 (nam
1306 2731 1345 2782 rio

228 2801 372 2854 ininsula
391 2803 513 2868 Amorgo
532 2803 770 2868 praestantissimi
803 2812 853 2868 pro
872 2795 991 2867 Μηνόας
1007 2799 1189 2850 scribendum
1207 2801 1280 2861 est),
1298 2813 1345 2868 pa·

251 2873 344 2922 oneris
370 2875 446 2922 esset
469 2871 709 2939 vestimentaque,
735 2886 769 2923 ex
803 2870 860 2918 tria
890 2869 1043 2918 Simonidis
1076 2875 1192 2934 poetae,
1224 2881 1346 2919 comme·

229 2887 298 3000 fine,
318 2939 394 3006 quod
410 2953 445 2990 ex
465 2937 517 2990 noc
538 2936 632 2990 fructu
652 2941 768 3005 paraba-
803 2943 942 2998 moretur,
962 2944 1171 3004 praeterquam
1200 2935 1345 3002 Stephano

230 3005 451 3068 tur,'eonlecto,
469 3006 629 3056 subtilitate
649 3008 768 3058 excelle·
804 3011 876 3057 teste
898 3005 969 3056 duras
985 3009 1120 3073 Amorgos
1143 3003 1214 3056 elias
1236 3003 1347 3067 habuit,

229 3080 312 3136 rent,
336 3087 470 3140 enqoam
495 3075 615 3125 maxime
641 3077 769 3142 expetita
801 3073 938 3126 Acesinen
969 3081 999 3126 et
1023 3075 1175 3141 Aegialeo,
1206 3073 1257 3124 sed
1293 3073 1346 3125 Ae·

230 3154 313 3194 erant
326 3140 446 3208 hincque
461 3147 540 3192 ortus
554 3142 687 3210 loquendi
703 3159 768 3196 usus
802 3143 895 3210 gialae
920 3143 973 3194 sub
999 3145 1111 3194 nomine
1127 3133 1253 3212 Ἀκεσίνῃ
1282 3142 1346 3193 sub·

229 3214 275 3264 est
294 3204 446 3278 οἷμόργινος
460 3209 553 3278 pirou.
670 3258 672 3263 .
802 3212 898 3263 stituit
928 3211 1091 3262 Melaniarn.
1146 3212 1214 3261 Cum
1250 3218 1346 3262 tamen

265 3281 291 3344 1)
310 3283 461 3349 Amorgos,
487 3285 654 3348 angustari
672 3278 766 3348 longa,
802 3278 906 3346 scylax
936 3293 1047 3348 quoque
1078 3279 1199 3330 insulam
1223 3279 1345 3346 tripolin

226 3348 430 3418 ebuoeoidente
456 3349 492 3401 ad
512 3351 651 3402 orient'em
678 3350 768 3416 porri·
802 3348 892 3411 dieat,
936 3349 1054 3400 ridetur
1085 3349 1128 3398 ite
1161 3349 1345 3398 statuendum

228 3420 309 3488 gitur
324 3419 380 3481 ita,
398 3425 431 3470 ut
447 3418 602 3485 procedent
622 3425 651 3470 et
667 3418 766 3469 latitu·
801 3431 877 3479 esee,
896 3419 1014 3468 tertiam⁴
1027 3416 1125 3472 urbem
1142 3421 1172 3469 et
1186 3415 1345 3468 Melaniem

229 3488 296 3538 «line
314 3493 455 3554 augeatur
478 3496 508 3537 et
534 3487 569 3538 ud
597 3487 766 3553 septentrio·
801 3493 831 3537 et
848 3485 983 3554 Aegialeo
1003 3493 1131 3537 nocetam
1149 3499 1226 3537 esse:
1256 3485 1347 3537 Mele-

227 3570 291 3607 nem
315 3571 412 3608 versus
440 3562 549 3623 vergat.
585 3555 637 3606 llbi
663 3555 767 3622 longis·
800 3555 893 3617 niam,
927 3555 1004 3622 quod
1029 3555 1078 3605 ubi
1110 3555 1228 3605 condita
1258 3561 1345 3614 esset,

177 3649 184 3658 κ
227 3624 298 3675 sime
330 3624 365 3675 aul
401 3637 530 3675 occasum
561 3629 686 3690 spectat,
725 3623 764 3674 ibi
801 3629 877 3674 terra
895 3623 980 3690 nigra¹
995 3630 1080 3684 estet,
1100 3620 1247 3690 Aegialeo,
1268 3622 1345 3690 quod

228 3693 448 3759 septentrionem
459 3705 557 3744 versus
574 3698 716 3758 curratur,
735 3698 767 3742 ut
800 3697 874 3742 esset
888 3690 923 3742 ad
935 3690 1120 3759 mareposita,
1139 3693 1197 3741 lem
1212 3705 1284 3742 vero
1300 3690 1344 3742 obi

228 3761 306 3812 sinus
341 3760 522 3828 permodicus
553 3757 710 3819 ellieietur,
736 3761 764 3811 in
800 3757 853 3811 hae
877 3762 961 3811 urbes
984 3761 1059 3812 sitae
1084 3765 1194 3825 essent,
1230 3761 1347 3813 videtur

228 3843 285 3896 quo
303 3829 402 3881 intimo
419 3829 497 3881 loeus
515 3829 551 3880 ed
566 3827 766 3896 appellendum
801 3843 938 3896 nusquam
957 3829 1047 3891 tradi,
1065 3841 1233 3896 quamquam
1253 3829 1286 3881 in
1306 3835 1346 3879 ta·

227 3899 534 3950 aeeommodatuseum
553 3896 658 3964 oppido
679 3896 767 3948 luisse
800 3897 876 3948 bulis
901 3897 1069 3966 quibusdam
1087 3895 1214 3948 Minoem
1241 3897 1271 3947 in
1294 3895 1346 3950 hae

228 3965 350 4028 vitietur,
364 3981 456 4034 quem,
474 3974 507 4018 ut
524 3967 646 4027 ridetur,
665 3965 767 4032 peripli
801 3974 897 4033 parte,
921 3981 992 4033 quae
1024 3964 1078 4017 hoe
1106 3964 1169 4016 loeo
1199 3967 1345 4034 signifiea-

227 4041 329 4087 unctor
343 4033 467 4104 intelligi
480 4035 549 4088 vult.
570 4035 651 4087 Haec
663 4033 768 4085 brevis·
801 4042 862 4097 tur,
898 4036 1032 4102 scriptam
1065 4032 1193 4086 videmus
1228 4039 1259 4086 et
1293 4037 1345 4087 Ae·

126 4156 131 4166 ,
226 4105 298 4156 sima
315 4104 390 4154 ratio
407 4103 560 4173 loquendi:
584 4103 620 4156 ad
638 4105 768 4170 proxima
800 4103 896 4172 gialen
928 4104 958 4154 in
991 4117 1027 4155 eo
1058 4103 1159 4165 litore,
1194 4102 1271 4172 qood
1307 4103 1345 4156 erl

226 4170 387 4294 Amorssplad
401 4179 526 4225 extreme
535 4172 646 4226 auctori
660 4171 767 4224 usitata
796 4173 938 4224 orientem
969 4178 1087 4240 spectat.
1130 4169 1186 4224 Sed
1218 4172 1345 4226 fortunae

228 4245 280 4296 ert.
323 4247 433 4294 utreme
447 4247 542 4296 notem
556 4247 622 4296 sunt
635 4239 692 4294 iste
704 4241 768 4309 ipra
800 4254 835 4295 ex
853 4239 907 4294 hoe
925 4242 1035 4310 periplo
1049 4239 1134 4296 aliter
1149 4242 1222 4294 nitus
1237 4243 1345 4295 eonsti-
