2852 4816
635 399 680 457 Xl

33 657 44 680 Ι
116 601 305 667 quamquem
328 601 392 646 non
413 592 489 645 eunt
509 579 646 662 codicis,
667 582 710 646 iit
730 583 872 665 ‘receptis
898 602 958 646 nec
988 597 1097 646 aarum
1126 584 1216 647 addi-

115 687 157 748 tis
179 681 378 749 auctoritas.
409 676 480 744 Nec
502 678 564 744 boc
586 701 652 744 non
673 678 822 746 mirabile
843 693 905 762 att,
926 681 1024 766 idque
1045 682 1217 748 vehemen-

115 783 240 846 tissime
261 781 524 868 vituperandum,
546 781 632 864 quod
654 779 819 860 Minerua,
849 801 932 865 quac
954 777 1136 866 scripturae
1158 787 1218 850 mi·

114 901 175 946 nur
198 880 301 948 bonae
323 895 399 949 tuot
425 891 483 946 aut
504 891 616 964 aperte
643 879 768 962 falsae,
798 879 957 946 Hudaono
985 883 1115 964 tribuit,
1145 905 1219 949 cum
1328 897 1350 937 ·'

81 979 85 989 ’
114 996 228 1048 contra
249 1001 348 1066 saepe
370 981 523 1046 Hudroni
545 1001 603 1042 eae
625 981 867 1046 emendationes
890 985 956 1046 aiut
957 1003 1062 1067 ‚qnae
1091 997 1167 1048 sunt
1197 1006 1220 1050 a

113 1079 247 1146 Millero
268 1093 430 1166 receptae.
468 1077 542 1142 Hoc
562 1078 683 1144 factum
705 1092 766 1160 ert,
788 1093 825 1146 ut
845 1085 985 1168 quinon
1008 1081 1106 1168 babet
1127 1083 1220 1148 Hud—
1319 1163 1321 1168 Ι

115 1183 187 1245 roni
218 1182 394 1246 editionem
417 1199 491 1244 cum
513 1188 664 1278 oporteat
692 1180 834 1259 credere,
859 1183 1013 1268 quidquid
1035 1197 1087 1248 est
1108 1205 1218 1248 corru-

115 1295 206 1371 ptum
235 1295 292 1346 aut
309 1281 423 1345 minus
451 1275 629 1365 probabile,
650 1257 691 1341 id
713 1299 786 1344 esre
814 1281 985 1364 Ηιιιίιοιιί,
1008 1300 1082 1348 cum
1109 1297 1218 1348 tenten

114 1383 165 1446 vir
194 1377 322 1462 Anglus
350 1379 461 1444 multis
490 1378 770 1444 emendationibus
795 1382 916 1466 optime
943 1385 986 1447 sit
1014 1383 1055 1447 de
1081 1401 1220 1470 geogra-

36 1475 40 1480 ’
116 1481 190 1566 pbis
211 1477 391 1544 minoribus
413 1481 557 1548 meritur.

200 1579 350 1666 Denique
383 1599 489 1664 pauca
517 1590 643 1641 restant
669 1579 806 1652 dicenda
845 1581 886 1644 de
923 1583 987 1644 isto
1024 1575 1220 1665 fragmento,
1241 1659 1242 1666 ἵ

99 1683 172 1768 ἠοῖ
199 1681 374 1764 περίπλους
401 1681 472 1742 rive
500 1675 694 1761 σιωδωισμός
721 1682 779 1764 τῆς
805 1679 944 1799 μεηοίίης
968 1676 1136 1764 θαλάσσης
1171 1682 1222 1743 in·

115 1779 249 1844 inscribi
271 1777 366 1846 solet.
395 1777 433 1842 ld
455 1777 610 1843 lriarte
633 1777 801 1864 Hispanus
821 1783 944 1865 primus
964 1783 999 1846 io
1021 1778 1222 1874 bibliotheca

115 1883 206 1966 regia
235 1879 439 1945 Madridenai
465 1845 589 1944 inbenit
618 1881 847 1967 inventumque
882 1884 933 1944 in
944 1878 1096 1964 catalogo
1126 1871 1222 1964 quem

113 1983 209 2046 istius
230 1982 371 2045 confecit
392 1979 613 2045 bibliothecae
635 1965 882 2046 describendum
909 1984 1046 2046 curavit.
1088 1978 1141 2043 De
1168 1997 1222 2042 co-

113 2083 185 2144 dice
207 2093 327 2160 autem,
348 2101 412 2164 qun
433 2099 473 2144 ea
493 2083 690 2162 continetur,
709 2079 790 2145 baec
809 2083 909 2162 dixit,
930 2103 965 2167 p
983 2087 1104 2160 488,
1105 2078 1223 2161 ‚·Mem

116 2179 334 2244 branaceus
325 2200 360 2240 ιιι
390 2193 523 2261 quarto,
553 2178 643 2242 foliis
673 2194 827 2246 constane
856 2185 909 2248 88
930 2180 1085 2265 subfusca
1107 2193 1140 2244 et
1161 2177 1222 2242 eli·

117 2291 272 2364 qnantum
294 2278 367 2339 rudi
388 2274 593 2354 membrana,
620 2273 725 2339 literis
753 2280 881 2361 quidem
910 2279 1100 2365 aequalibus
1128 2277 1223 2340 etad

115 2376 308 2462 quadratam
334 2374 473 2438 formam
500 2372 746 2454 accedentibus,
779 2377 836 2440 aad
858 2380 991 2441 minutia
1011 2400 1049 2440 ac
1070 2399 1151 2462 prae
1172 2397 1224 2440 aa·

116 2480 172 2540 nio
198 2472 330 2560 pallidis
359 2476 573 2560 eademnque,
586 2469 751 2558 adeoque
779 2477 940 2541 interdum
965 2477 1093 2542 Lectori
1120 2491 1223 2560 prope
1267 2498 1271 2506 ¹

116 2579 249 2656 invisis3
278 2572 409 2639 saeculo
433 2573 526 2644 XIV
548 2587 585 2638 ut
605 2573 764 2640 videtur
754 2587 887 2637 ineunte
908 2575 1108 2665 descriptun3
1139 2571 1224 2636 liber

117 2677 196 2742 olim
224 2695 325 2762 penes
354 2671 650 2738 cunctantium
679 2672 913 2752 Lascorim,
945 2691 1047 2756 nuper
1076 2690 1223 2734 remex

117 2780 273 2842 comita
295 2773 429 2839 Mirari
443 2774 624 2837 dae'inter
643 2773 730 2837 alica
752 2787 967 2858 comparatus.
989 2775 1036 2836 llo
1052 2766 1224 2854 complexa

117 2878 261 2962 reperiar
295 2876 330 2938 S.
366 2871 603 2958 Nicephori
635 2873 917 2938 Patriarchae
952 2871 989 2936 C.
1018 2869 1224 2935 Politiani

117 2976 251 3042 brevem
271 2972 580 3057 chronographiam
603 2973 719 3036 deiude
739 2975 853 3038 incerti
865 2973 1014 3037 Auctoris
1036 2972 1225 3035 Divisio·

119 3097 205 3141 nem
228 3073 380 3140 Terrae
401 3073 506 3138 tribue
524 3071 599 3137 Noe
621 3069 703 3137 filiis
725 3073 854 3153 iactam,
876 3075 1084 3158 gentiumque
1114 3095 1158 3136 ex
1180 3072 1222 3134 iis

119 3173 431 3262 genealogiam,
460 3187 545 3253 tum,
572 3173 686 3236 eodem
715 3165 855 3234 fortasse
882 3185 1032 3251 anctore,
1062 3181 1224 3257 praeci·

120 3294 289 3360 puerum
311 3271 437 3335 Orbis
459 3271 910 3337 Terrarumllllcntium
932 3272 1223 3344 acFluviorum

119 3373 280 3453 Nomina,
312 3384 346 3434 et
374 3369 516 3454 Magni
543 3371 673 3438 Meris
696 3370 982 3437 Stadiasmum
1014 3377 1084 3439 alre
1115 3375 1225 3440 Peri·

119 3475 229 3561 plum
251 3473 291 3537 ed
311 3468 465 3534 Herculia
487 3468 709 3534 Columnea
732 3468 968 3558 Gadesque3
997 3488 1064 3538 tum
1087 3478 1223 3562 danique

119 3571 358 3639 lneularum
379 3571 562 3649 distantias,
583 3592 761 3651 numerum,
784 3569 932 3654 habitur,
955 3572 1084 3662 aliaque
1106 3577 1146 3639 ad
1169 3599 1225 3656 eas

121 3674 327 3761 pertinentia.
371 3668 465 3746 Quae
487 3668 616 3753 singola
638 3673 823 3756 exprimere
844 3673 1052 3738 conabimort

203 3771 276 3840 Fol.
305 3777 334 3836 l.
364 3771 393 3857 †
422 3771 659 3854 Χρονοηραφίοι
687 3767 847 3855 σύντομος
866 3770 923 3858 ἀφ’
946 3763 989 3840 οὗ
1008 3772 1030 3858 ἡ
1051 3771 1225 3860 οἰκουμένη

54 3879 57 3886 “
122 3873 255 3957 ἐκτίσθη
276 3873 479 3956 calabrites
499 3867 755 3953 ἄνθρωπος-ιιι

204 3969 277 4040 rol.
298 3977 349 4040 18.
372 3992 498 4040 averae.
519 3971 549 4056 †
566 3968 739 4056 Ρωμαίων
758 3974 914 4047 Βασιλεῖς.
1064 4020 1068 4028 -

80 4154 83 4161 ¹
205 4071 276 4136 Fol
298 4076 350 4138 28.
372 4093 499 4135 everso.
519 4071 549 4156 †
576 4075 725 4151 Βασιλεῖς
751 4061 905 4157 §epulae
932 4068 1004 4153 η’τοι
1025 4075 1226 4141 Karam-
1407 4109 1412 4116 ·

123 4171 394 4249 poeniteantur
415 4171 609 4252 Βυζαντίων.
1286 4197 1291 4205 ‘
