2864 4812
75 1633 78 1646 Λ
170 1577 172 1581 ·
236 1551 383 1627 σομεν.η

235 369 295 434 lau
492 361 754 425 MAPKIANOY
786 359 1087 424 ΗΡΑΚΛΕΩΤΟΤ

235 551 338 635 ραλίας
366 554 421 630 τῆς
446 549 696 634 Ταρρακυνηοίας
724 547 782 611 eloi
809 543 938 610 στάδιοι7
963 542 1000 608 od
1023 548 1128 610 πλεῖον
1144 543 1253 621 ..τκζ’,
1283 544 1337 608 oda

217 648 357 714 ’ἔλαττον
378 647 484 713 στάδια
507 646 588 734 μμβῖ
611 649 643 712 oi
663 645 696 711 di
717 642 884 728 σύμπαντες
905 642 973 709 οἷπόΙ
990 650 1045 710 τοῦ
1067 644 1186 728 ίίρους8
1201 642 1335 725 Κάλπης,

235 755 291 814 τοῦ
319 747 397 833 πρὸς
422 752 466 832 τῷ
491 746 655 831 Ἡρακλείῳ
684 751 817 830 πορθμῷ
843 741 992 826 κειμένου,
1018 743 1103 825 μέχρι
1123 747 1180 806 τοῦ
1203 740 1334 818 Οίάσσα,

234 849 451 934 άκρωτηρίουθ
473 850 528 927 τῆς
544 843 690 928 Πυρήνης
696 852 746 923 ‚¹⁰
769 849 824 909 τοῦ
838 844 986 924 περίπλου
1003 840 1115 916 παντὸς
1135 846 1189 924 τῆς
1199 839 1337 924 Ἰβηρίας,

234 953 289 1032 τῆς
309 945 391 1032 παρά
409 945 465 1012 τείν
485 944 619 1012 ω’κεανάν
634 945 788 1026 κειμένης,
811 941 848 1007 od
864 950 969 1008 πλεῖον
990 941 1095 1007 στάδια
1117 937 1258 1023 ..ςμε’,11
1284 938 1338 1004 otia

235 1049 355 1114 ἔλαττον
368 1047 475 1117 στάδια
489 1044 626 1133 ..μσπβλΙ
650 1043 667 1108 ὅ
689 1043 744 1127 μὲν
765 1037 820 1108 σάν
840 1049 895 1125 τῆς
906 1040 1036 1125 Ἰβηρίας
1049 1044 1214 1123 περίπλους
1229 1041 1245 1105 ὁ
1260 1038 1337 1124 παρά

234 1145 290 1212 τὸν
312 1145 448 1213 ω’κεανόν
466 1145 521 1212 τὸν
542 1142 665 1210 duranda
690 1143 741 1208 καί
769 1143 823 1208 τὸν
845 1141 984 1228 άρκτρῖον
1004 1141 1175 1226 τυγχάνων,
1203 1138 1266 1205 άπὸ
1288 1145 1339 1221 τῆς

235 1244 364 1328 Κάλπης
389 1250 445 1310 τοῦ
473 1245 564 1330 ὅρους
589 1244 641 1308 καί
661 1233 717 1308 τοῦ
734 1243 910 1326 Ἡρακλείου
931 1247 1076 1325 πορθμοῦ
1097 1241 1183 1323 μέχρι
1202 1248 1256 1322 τῆς
1278 1245 1337 1304 Hv-

236 1345 332 1430 ρήνης
351 1351 407 1411 τοῦ
429 1346 520 1431 ὅρους
540 1347 591 1412 καί
611 1350 666 1410 τοῦ
687 1345 816 1428 πέρατος
835 1340 930 1408 αὐτοῦ
951 1347 1007 1405 τοῦ
1028 1339 1182 1424 α’ρκτςάου,
1211 1347 1267 1406 τοῦ
1290 1366 1337 1404 κα-

236 1445 528 1528 λουμάνουΟίάσσυ,
548 1450 657 1511 τοῦτον
678 1443 738 1525 ἔχει
757 1439 812 1508 τάν
831 1439 955 1525 τρόπον.
978 1441 1029 1506 ἐπί
1044 1441 1077 1506 δὲ
1097 1439 1225 1536 τάὲξῆς
1246 1437 1338 1524 χωρή·

406 1700 430 1744 ε.
475 1681 537 1762 [46]
570 1677 900 1762 ,Κελτογαλατίας
931 1677 1165 1760 περίπλους.

285 1877 288 1884 .
314 1827 357 1892 Ἦ
372 1831 540 1915 καλουμένη
562 1831 817 1915 Κελτογαλατία,1
849 1825 945 1911 διήκει
973 1828 1028 1910 μὲν
1057 1829 1107 1893 ἐπί
1133 1828 1337 1894 πλεῖστονκαὶ

238 2012 349 2083 ..327,
377 2031 438 2070 uon
466 2015 603 2089 pauciora
622 2013 724 2069 stadiis
744 2013 826 2070 8012.
867 2009 972 2070 Totius
992 2023 1088 2070 autem
1108 2014 1213 2090 peripli
1234 2011 1339 2070 iberiae

233 2092 321 2162 juxto
347 2107 488 2146 oceanum
515 2091 604 2160 sitae,
632 2106 649 2145 a
676 2087 763 2164 Calpe
790 2095 888 2144 monte
914 2086 952 2144 ad
975 2087 1084 2144 fretum
1104 2089 1284 2146 Herculeum
1299 2091 1338 2162 ja·

237 2165 322 2238 dente
347 2182 440 2240 usque
467 2164 578 2222 Oeaauo
606 2165 838 2240 promontorium
863 2162 1011 2238 Pyrenes,
1042 2163 1136 2221 rtadia
1163 2166 1260 2222 omnia
1285 2180 1338 2218 nou

173 2255 175 2260 ·
237 2241 322 2313 plura
341 2240 467 2314 ..6045‚
487 2260 548 2300 non
568 2243 705 2317 pauciora
725 2238 827 2296 stadiis
844 2239 965 2297 ..3282
1006 2239 1140 2314 Periplus
1167 2243 1259 2320 igitur
1283 2237 1338 2294 lbe·

236 2315 298 2374 riae
326 2317 411 2388 juxta
438 2335 579 2376 oceanum
612 2316 822 2374 occidentalem
848 2323 878 2370 et
905 2317 1183 2390 septentrionalem,
1214 2335 1230 2371 a
1258 2313 1339 2388 Calpe

209 2456 212 2461 .
236 2399 336 2448 monte
357 2401 387 2448 et
405 2392 482 2450 freto
493 2392 640 2452 Herculeo
660 2411 752 2467 usque
771 2391 807 2448 ad
827 2398 956 2447 montem
975 2389 1107 2466 Pyrenea
1127 2401 1157 2448 et
1178 2392 1340 2448 extremita-

239 2475 299 2524 tem
319 2469 381 2542 ejus
400 2467 549 2526 borealem
569 2468 680 2526 Oeaaso
700 2469 890 2534 nominatam,
911 2463 990 2522 hum
1011 2467 1043 2524 in
1062 2468 1176 2525 modum
1199 2487 1230 2524 re
1249 2466 1337 2523 habet.

238 2541 284 2598 Ad
304 2546 457 2618 aequantia
476 2554 574 2602 autam
593 2543 823 2623 progrediemur.

522 2697 837 2802 Celtogalatiae
867 2698 1066 2786 periplus.

316 2847 423 2926 Regio]
444 2847 637 2929 Celtogolatia
656 2857 800 2932 appellata
820 2855 851 2911 in
871 2855 1045 2910 immensum
1070 2851 1186 2930 quidem
1213 2847 1338 2910 extendi-

239 3025 294 3076 iam
303 3023 698 3105 lluda.indioavit,punotum
711 3038 776 3098 post
847 3029 888 3089 lu)
906 3025 1031 3095 Πυρίνης
1050 3027 1119 3082 Cod.
1138 3028 1229 3094 Paria.
1252 3033 1282 3078 et
1305 3025 1338 3076 sio

240 3091 432 3158 διεξηλθομεν.
810 3098 932 3164 saepius.

273 3160 301 3222 l)
320 3155 434 3214 στάδιοι
449 3166 479 3214 et
495 3177 560 3213 mox
576 3163 700 3218 σταδίων
710 3164 775 3216 illil-
847 3167 890 3228 ll)
905 3157 1105 3232 Millernocepa',
1116 3155 1340 3234 etmoxnopoali

239 3227 293 3280 ier.
329 3229 453 3283 σταδίων
478 3231 558 3285 omia.
587 3233 656 3286 Cod.
684 3234 776 3285 Paria.
810 3235 829 3286 i.
849 3249 872 3286 e.
894 3233 977 3282 touta
997 3239 1026 3281 et
1045 3232 1138 3285 13282.
1159 3233 1240 3283 Cerni.
1259 3233 1283 3282 sl
1301 3245 1339 3282 vo·

240 3290 327 3360 ..καῖ
345 3296 467 3351 lloesch.
477 3299 568 3351 liudo.
589 3301 677 3353 Forte
693 3299 777 3373 ‘daug'
810 3301 846 3352 lis
864 3301 981 3368 Appian.
1000 3297 1155 3350 histrum.
1178 3301 1229 3353 Vl.
1250 3303 1278 3350 l:
1303 3292 1340 3366 μά

240 3365 366 3417 coniecit
390 3367 500 3422 Huda.
529 3369 626 3423 Miller
649 3367 777 3442 ,αυτοῖς
811 3370 895 3437 padue
914 3365 945 3421 δὲ
959 3368 1008 3436 τῆς
1023 3361 1260 3438 Ἰβηρίας...ἐοτλ
1276 3360 1339 3420 noli

240 3435 338 3516 laura,
811 3436 860 3490 καί
886 3430 1020 3501 ἄπιστον,
1056 3431 1097 3498 oie,
1120 3433 1149 3490 ἐν
1174 3435 1253 3506 χώρᾳ
1278 3435 1338 3504 μιᾷ’

272 3502 300 3562 8)
319 3495 376 3553 aad
396 3495 447 3554 τοά
464 3498 550 3571 ὅρους
564 3501 631 3574 [ἐπί]
642 3507 682 3574 τῷ
697 3500 778 3572 Ἡρα·
813 3498 886 3559 ὅπου
904 3499 937 3556 τά
955 3501 1061 3566 πλάτος
1076 3505 1196 3572 μυρίους
1216 3504 1341 3562 σταδίους

239 3568 320 3638 πλείῳ
345 3571 469 3638 πορθμῷ
491 3590 518 3624 κ.
542 3591 569 3625 τ.
594 3575 617 3627 λ.
644 3573 736 3625 edidit
762 3588 777 3624 a
813 3567 979 3656 άριθμοάσι,
996 3569 1134 3625 καλίστιυ
1148 3567 1265 3643 αὐτῇτί)
1279 3565 1339 3649 πλά-ι

240 3637 300 3690 eod.
311 3637 411 3699 Paria,
425 3647 457 3689 ut
475 3641 599 3701 videtur,
619 3641 724 3694 Miller.
747 3641 778 3692 Si
813 3659 860 3704 τος
877 3641 941 3694 αντλ
958 3637 1070 3709 μήκους.
1099 3637 1191 3710 'Edon
1211 3659 1241 3694 τε
1259 3641 1340 3693 πολλα

241 3703 314 3756 hano
331 3707 462 3758 lucanam
485 3709 514 3759 in
536 3709 634 3760 codiee
654 3709 778 3776 animad·
812 3710 860 3764 καλ
881 3705 1053 3776 πολυάυνμα
1078 3703 1166 3778 αὐτὴν
1191 3709 1276 3770 οἰκεῖ,
1301 3704 1340 3760 καλ

178 3783 199 3790 ··
240 3776 390 3835 vertisset,
412 3791 474 3827 aam
496 3789 535 3828 ex
558 3777 684 3830 editione
700 3777 777 3830 Hoe·
813 3777 935 3846 ποταμοί
948 3777 1049 3830 πολλοὶ
1062 3773 1339 3846 ῥίονσιναυσίποροι.

242 3839 327 3892 sohel.
355 3843 470 3909 explere
501 3847 652 3912 potuisset.
702 3847 778 3898 lnse·
798 3847 885 3912 Plio.
905 3844 971 3900 hist.
992 3852 1049 3898 nat.
1069 3847 1119 3898 lll.
1142 3847 1167 3899 3.
1186 3848 1212 3896 4.
1237 3845 1286 3898 lV.
1305 3843 1339 3896 35.

243 3909 301 3960 ruit
318 3912 512 3964 tantummodo
535 3909 598 3978 ἐπλς
623 3915 778 3966 versionem
812 3913 1021 3982 Eratoetb.'ap.
1040 3913 1135 3968 Strab.
1155 3915 1176 3966 l.
1194 3929 1221 3981 p.
1239 3913 1283 3966 (il.
1301 3912 1339 3962 ΙΙΙ.

243 3982 337 4030 autem
362 3979 491 4032 lludron.
516 3981 634 4050 latinam
661 3983 779 4051 reliquit
813 3999 840 4051 p.
856 3986 915 4038 148.
936 3984 972 4034 ll.
993 3999 1018 4050 p.
1031 3983 1088 4035 ltili.
1107 3983 1156 4037 lll.
1176 3998 1201 4049 p.
1216 3983 1274 4035 llo.
1292 3980 1339 4034 lii.

243 4047 389 4129 intaotpm.
477 4085 480 4092 .
566 4085 568 4092 .
814 4048 1340 4120 Conl.UokertiGeograph.Graeo.

277 4112 305 4175 9)
324 4113 488 4187 ακρατηρίρο
505 4115 662 4170 Hoeeelr.
688 4111 779 4187 oiapo·
813 4126 843 4173 et
860 4121 938 4179 llonr.
960 4119 1023 4172 Vol.
1041 4121 1076 4172 ll.
1096 4119 1127 4173 P.
1144 4123 1167 4172 l.
1183 4135 1209 4184 p.
1221 4119 1272 4171 254
1289 4132 1341 4186 sqq.

243 4180 344 4250 κηρίον
362 4183 392 4233 in
410 4185 486 4235 notia
504 4201 557 4238 em.
575 4187 684 4240 Huda.
701 4203 777 4242 reae·
846 4188 890 4252 12)
908 4183 1062 4257 χορήσομεν
1080 4188 1148 4240 Cod.
1167 4187 1258 4241 Pario.
1276 4183 1279 4193 '

243 4252 287 4318 pit
303 4250 408 4306 Miller.
846 4254 876 4323 l)
895 4254 1105 4326 Κελτομαλατία
1125 4257 1240 4310 aomina
1260 4239 1342 4308 Ptole·
