2852 4816
619 403 692 458 xm

184 583 329 652 Foloe
358 585 386 668 †
420 579 507 667 ”Onu
535 583 570 650 δὲ
599 581 758 668 dodonaei*
774 583 918 653 alcestin
945 587 985 670 τῇ
1007 588 1049 670 γῇ
1070 581 1201 652 δώδεκα.

103 683 196 750 Subit
226 685 343 750 deinde
371 682 454 748 alter
475 683 535 748 -hio
564 681 698 748 titulos:
728 683 876 768 Houcuol
903 673 965 750 οὖν
984 686 1065 750 εἰσιν
1085 683 1203 770 ὄνομα·

105 787 182 852 στοὶ·
193 787 430 872 τεσσαράκοντα
451 783 486 850 ἐν
508 786 554 868 τῇ.
570 784 613 868 γῇ
631 771 739 852 οὕτω,
754 780 855 863 „Quo
869 784 961 850 addit
980 785 1061 852 haec
1082 809 1114 872 p.
1130 791 1203 857 485.

104 883 221 966 „Duos
250 887 437 970 hujusmodi
464 884 631 967 catalogos
651 885 896 969 praecipuorum
920 885 1064 968 Orbis,
1097 887 1204 954 Mon-

104 991 205 1051 tium
227 1000 259 1050 et
280 985 514 1050 Fluminnm
535 987 659 1069 excipit
678 987 795 1050 incerti
815 985 969 1051 Auctoris
990 985 1150 1072 Prologus
1170 990 1203 1052 in

104 1089 256 1172 proxime
284 1100 472 1172 sequentem
494 1084 777 1149 Stadiusmunr
806 1087 875 1150 sive
902 1085 1126 1170 Periplum.
1167 1087 1206 1156 ltl

104 1201 211 1251 antem
234 1186 352 1271 Operis
374 1208 478 1270 neque
506 1189 588 1250 inter
611 1184 835 1270 Ganga-ophion
865 1184 907 1252 ab
935 1185 1203 1266 Hoesclrelio,

103 1286 288 1366 Allatio,
308 1285 529 1350 Hudscnio
550 1283 727 1371 publicata,
749 1285 803 1350 vel
818 1285 859 1350 ab
880 1284 1110 1350 Holstenio
1130 1305 1204 1370 pro·-

104 1389 226 1467 missa,
257 1407 361 1470 neque
383 1385 460 1469 alia,
482 1407 565 1472 quae
585 1387 619 1449 in
639 1382 854 1450 Bibliothecis
876 1383 979 1452 adhuc
999 1386 1124 1452 inedita
1145 1408 1205 1452 ex·

104 1502 175 1558 tare
203 1500 438 1568 memorantur,
480 1485 559 1550 mihi
593 1487 738 1570 quamvis
772 1484 946 1570 diligenter
980 1487 1204 1581 investiganti,

106 1609 179 1652 sese
206 1587 334 1652 obviam
363 1584 447 1650 tulit.
499 1584 713 1669 Quapropter.
732 1606 798 1651 auu
828 1587 925 1651 modo
947 1585 988 1649 de
1009 1585 1203 1668 Literarum,

107 1688 166 1750 sed
188 1688 284 1749 etiam
306 1687 344 1750 de
366 1688 517 1750 universo
539 1699 696 1750 terrarum
718 1683 806 1749 Orbe
829 1686 942 1750 videar
969 1687 1089 1769 optime
1109 1691 1205 1752 meri·

8 1859 9 1866 ἵ
107 1802 212 1867 turus,
233 1789 262 1849 si
283 1808 367 1850 nova
387 1800 557 1872 utrumque
576 1787 757 1870 scriptione
769 1781 1065 1869 locupletavere-
1076 1791 1206 1855 Oratio-

104 1907 178 1950 nem
200 1885 298 1968 hujus
318 1886 437 1972 peripli
458 1889 629 1971 excipiunt
650 1886 729 1951 liaeo
757 1885 898 1950 lriartis:
928 1885 965 1950 ln
996 1888 1078 1955 haec
1106 1895 1205 1959 verba

75 2035 79 2039 -
104 1990 220 2052 desinit
248 1989 417 2052 contentus
445 1986 507 2052 hcc
536 1989 647 2053 codice
669 1982 886 2068 Periplus,
907 2001 1001 2070 parte
1021 1992 1074 2056 sui
1094 2009 1204 2076 poste·

102 2091 188 2153 riore
209 2088 310 2174 (quod
332 2092 476 2154 maxime
494 2087 687 2171 dolendum)
710 2084 862 2166 mutilus,
886 2100 922 2150 ut
943 2105 1054 2174 aperte
1075 2092 1205 2178 colligi·

105 2203 156 2253 tur
171 2209 220 2252 ex
241 2188 348 2254 iudice
370 2209 408 2250 ac
429 2190 623 2270 praenuntia
649 2184 846 2268 reliquorum
869 2196 1136 2276 consequentium
1158 2197 1207 2257 di·
1250 2217 1254 2225 ·
1379 2194 1381 2203 ’

106 2291 214 2350 ctione
227 2281 439 2368 deposcimur,
462 2305 556 2366 quarn
574 2281 881 2346 Constantinus
903 2285 1101 2355 Lascaris
1119 2297 1205 2358 imae
1335 2313 1337 2317 ·

103 2389 243 2473 paginae
266 2385 456 2468 adscripsit,
486 2383 527 2447 ab
549 2380 654 2447 altaro
676 2383 825 2446 nimirum
845 2383 1039 2471 Epremplari
1059 2388 1206 2474 pleniore

105 2488 320 2570 desumptam.
341 2482 375 2548 Is
396 2485 480 2546 euim
504 2483 565 2546 hoo
588 2494 732 2545 nostrum
754 2503 854 2564 penes
874 2505 910 2548 se
925 2484 1052 2568 habuit,
1075 2511 1115 2554 ac
1136 2503 1207 2554 tau-

105 2607 201 2670 quam
223 2605 328 2663 suum,
349 2596 385 2647 ut
405 2585 638 2669 praediximus,
661 2602 756 2644 manu
777 2603 836 2646 sua
858 2585 1032 2671 supplevit.

157 2793 160 2806 ι
187 2717 225 2782 ln
246 2716 433 2800 hujusmodi
454 2714 689 2780 Studiasmo
711 2717 778 2778 sive
802 2699 969 2804 Periplo
991 2719 1205 2787 exscribendo

104 2817 257 2902 quidquid
279 2837 299 2880 a
321 2814 414 2881 uobis
435 2819 625 2898 praestitum
649 2820 700 2895 sit,
724 2819 844 2900 accipe.

178 2947 331 3014 'Primum
366 2951 492 3035 quidem
528 2948 654 3014 Graeca
688 2949 821 3031 verba„
841 2963 959 3040 quauta
989 2952 1064 3038 fieri
1087 2958 1204 3040 potuit,

104 3053 249 3113 maxima
270 3048 334 3113 fide
356 3052 680 3136 repraesentavimus,
703 3049 841 3114 sublatis
858 3065 981 3116 tautum
999 3055 1123 3118 mendis
1145 3059 1204 3120 mi·
1293 3087 1300 3096 ·

106 3151 189 3210 uime
212 3148 330 3211 dubiis.
351 3151 481 3214 intactis
510 3169 586 3212 vero
610 3147 971 3232 Locorumyocabulis,
993 3155 1111 3216 erroris
1131 3176 1206 3238 pro-

103 3261 175 3332 pter
203 3246 415 3332 multiplicem
442 3251 633 3312 varietatem
659 3251 828 3334 suspectis.
879 3248 985 3316 Multa
1014 3253 1100 3314 enim
1121 3274 1205 3318 nunc

104 3369 181 3426 uno,
204 3366 288 3409 nuuc
309 3345 374 3410 alio
396 3369 534 3431 genero,
556 3350 651 3412 modo
677 3346 846 3434 singulari,
874 3352 970 3416 modo
998 3349 1119 3435 plurali
1146 3374 1205 3414 uu-

104 3469 211 3528 mer03
228 3449 301 3532 jam
322 3446 393 3526 bac,
412 3447 481 3529 jam
499 3445 569 3528 ille,
586 3450 656 3531 jem
673 3447 763 3512 nulla
778 3449 994 3514 declinatione
1010 3452 1205 3525 efferuntur;

103 3546 227 3628 soloeci
248 3547 384 3632 denique
406 3551 546 3633 speciem
568 3548 726 3610 interdum
748 3547 921 3613 exhibent:
952 3552 998 3614 ita
1020 3553 1148 3638 quidem
1170 3564 1206 3614 ut

104 3649 201 3736 louge
221 3648 332 3732 potius
362 3648 467 3711 visum
497 3649 540 3710 sit
567 3649 730 3732 propriam
754 3651 859 3733 ipsius
882 3647 1068 3716 Contextus
1089 3648 1203 3716 lectio-

104 3769 176 3810 nem
197 3749 350 3826 retinere,
372 3769 468 3832 quam
491 3748 638 3810 diversae
658 3747 837 3832 periculum
859 3749 979 3820 lacere.

185 3878 237 3944 Ad
273 3877 463 3945 Prosodiam
496 3892 535 3948 ¹et
567 3879 728 3946 scribendi
756 3881 926 3946 Rationem
955 3884 1040 3967 quod
1070 3887 1202 3964 attinet3

102 3980 283 4060 docentus,
313 3977 369 4044 ubi
396 3979 674 4062 desiderabantur,
702 3983 846 4057 suffecti3
879 3980 1082 4052 deficientem
1102 3987 1203 4074 pluri·
1230 3985 1240 3996 “

104 4076 164 4144 bus
192 4076 276 4143 locis
304 4079 598 4165 Interpuuotiouem
629 4083 845 4165 adjiciendam
876 4085 1070 4166 curavimus,
1092 4087 1203 4150 ohser-
1305 4161 1306 4164 Ἴ

104 4193 213 4244 vatum
233 4182 267 4243 iu
290 4178 410 4247 Codice
432 4199 554 4245 morem
575 4185 841 4270 rninus'sequuti,
863 4203 926 4266 quo
946 4183 1074 4272 signum
1095 4185 1201 4271 perfe-
