2872 4814
244 399 308 460 228
454 393 744 454 ΣΤΑΔΙΑΣΜΟΣ
763 393 871 453 ΗΊὈΙ
890 395 1149 456 ΠΕΡΙΠΛΟΤΣ

585 575 745 643 Λοιιιόν
778 579 1008 662 liuppoldo„

326 709 408 775 'Aul
429 715 485 774 τοῦ
507 711 648 788 Μέλανος
668 711 806 794 ποταμοῦ
827 713 870 788 εἰς
892 714 1013 796 Σλόηνι
1038 713 1119 778 cuod.
1142 711 1176 776 v'.
1198 707 1274 777 Ἀιιό
1294 713 1345 775 21-

247 819 301 897 δης
314 815 357 890 εἰς
370 810 544 876 Ἀττάλειαν
556 815 636 876 orod.
657 811 719 876 τν’.’
730 809 801 878 And
816 809 1006 890 'Autoteles’
1025 815 1069 891 εἰς
1082 814 1115 879 cd
1136 814 1279 900 ἐμπόριον
1288 819 1313 876 ³.
1323 862 1344 876 ..

580 980 736 1044 Deinde
768 979 1020 1066 Pamphylia.

321 1118 345 1172 Α
372 1114 486 1174 Melone
514 1114 603 1172 llurio
623 1080 778 1174 adsidam
806 1116 900 1173 stadia
922 1115 967 1172 50.
1014 1113 1131 1174 Asida
1156 1115 1194 1172 ad
1213 1117 1346 1173 dttcliam

246 1193 340 1250 stadia
358 1193 424 1249 350.
447 1191 489 1248 Αλι
510 1192 620 1248 Attalio
638 1189 675 1246 nd
695 1193 916 1267 emporium...
937 1191 1034 1248 studia
1051 1194 1117 1250 300.
1139 1193 1163 1250 ,l
1185 1192 1293 1268 Coryco
1311 1189 1346 1246 ad

247 1367 308 1403 nrur
331 1366 387 1403 nnn
414 1345 534 1419 longe'a
551 1365 617 1402 vern
637 1351 780 1413 aberrare,
814 1349 868 1402 lroc
882 1358 1009 1418 tempore
1023 1351 1139 1404 videtur
1153 1352 1278 1420 Corycus
1293 1366 1345 1402 ma-

246 1423 269 1472 si
285 1419 490 1482 contendimus,
505 1419 575 1470 illud
586 1420 696 1472 Dianae
711 1428 780 1473 tcm-
815 1422 889 1471 xime
907 1427 1066 1474 mercatura
1084 1420 1215 1473 floruisse
1232 1429 1261 1472 et
1273 1423 1346 1472 litte·

246 1491 323 1557 plum
342 1489 468 1556 antiquis
486 1491 660 1556 temporibus
678 1489 708 1540 in
727 1489 780 1540 hoc
814 1490 887 1551 liae,
912 1505 1078 1558 quamquam
1102 1497 1132 1540 ct
1157 1491 1247 1556 ipsine
1267 1497 1346 1556 portu

245 1565 341 1610 monte
354 1557 442 1609 fuisse
457 1565 639 1610 exstructum.
661 1561 715 1609 lete
732 1575 779 1609 au·
815 1559 980 1624 instructae,
991 1559 1146 1625 emporium
1156 1557 1254 1610 luisse.
1272 1559 1347 1609 llaec

246 1635 301 1680 tem
327 1633 443 1694 portus,
476 1641 557 1693 quem
583 1625 685 1677 Strabo
711 1627 780 1678 dicit
815 1636 908 1678 antem
924 1627 960 1678 de
973 1628 1081 1680 Attolle
1095 1633 1126 1679 et
1138 1627 1249 1694 Coryco
1264 1628 1346 1693 scrip·

245 1699 321 1748 intra
339 1711 371 1746 uo
389 1695 510 1747 Melonis
529 1694 632 1758 fuisse,
651 1709 705 1746 non
723 1711 780 1746 am·
814 1697 853 1746 ait
870 1695 973 1746 Strabo
992 1695 1068 1748 XlV.
1088 1711 1115 1762 p.
1127 1697 1178 1748 cot
1184 1713 1192 1746 ι
1213 1691 1284 1748 Εἶτα
1300 1692 1347 1748 πό·

245 1767 319 1834 plius
345 1771 403 1827 est,
435 1779 499 1814 nam
525 1779 575 1815 ora
600 1766 780 1816 accumulata
814 1766 857 1824 λις
872 1757 1027 1826 Ἅπιλλειιι,
1050 1760 1197 1832 ἐπώνυμος
1219 1767 1272 1817 τοῦ
1295 1764 1348 1816 κτλ·

245 1849 333 1886 arene
350 1833 477 1902 aequalis
493 1833 569 1884 iacta
581 1840 633 1888 eat,
653 1833 688 1887 cl.
700 1834 778 1888 XlV.
815 1847 915 1893 οιιντος
934 1828 1131 1900 Φιλαδέλφου,
1157 1833 1207 1886 κοιλ
1231 1833 1347 1886 cluim-

245 1919 271 1970 p.
287 1903 353 1953 out:
373 1900 427 1970 ἔχει
441 1895 466 1953 ⁶⁹
473 1896 588 1968 Ἀθηνᾶς
603 1898 687 1969 ἱερόν.
707 1903 779 1969 Πλη-
813 1917 862 1961 τος
881 1901 919 1962 εἰς
935 1897 1074 1969 Κολρυιιον
1093 1899 1243 1971 πολίχνιον
1266 1897 1368 1969 ἄλλην·

246 1971 307 2025 ολον
326 1965 352 2023 d'
369 1966 428 2023 ἐοτλ
443 1970 492 2022 cot
509 1965 527 2037 ἡ
546 1969 715 2053 Κιβνματιὸν
726 1987 779 2022 rcc-
813 1968 974 2031 ιιιιτοιιιίαν,
996 1963 1102 2037 ὅμορον
1120 1971 1170 2024 καλ
1188 1965 1291 2038 μικρὸν
1306 1988 1348 2022 ιιι·

246 2039 331 2107 pulice
348 2041 405 2091 cciv
423 2039 546 2106 pecode·
574 2034 621 2090 ελθ
647 2033 780 2100 &Metus
814 2037 932 2108 ρλβολον
946 2036 1124 2106 repellimus,
1149 2039 1242 2091 Nobis
1260 2045 1349 2090 autem

244 2125 319 2160 now
339 2101 371 2170 ὂς
387 2107 435 2160 καὶ
451 2099 601 2175 ὕφορμομ
622 2101 683 2160 εἶτα
706 2109 780 2159 Hro-
814 2106 937 2173 scriptor
953 2107 1068 2158 ridetur
1086 2105 1141 2159 hoc
1162 2107 1288 2160 voluisse
1311 2108 1348 2158 di·

244 2125 340 2244 lepcdlg
362 2171 460 2238 πόλις·
484 2175 533 2228 cccl
556 2171 625 2242 μετολ
643 2168 728 2228 ταῦθ’
751 2174 780 2228 οἱ
818 2189 897 2226 ceree
917 2175 1104 2228 Deindeurbc
1118 2178 1236 2244 Attalici,
1252 2176 1350 2228 eodem

244 2239 309 2312 ὅροι
321 2247 372 2314 τῆς
385 2244 570 2312 Παμφυλίας·
587 2239 779 2310 καὶτόΚοροι·
817 2245 946 2306 nomine,
980 2259 1035 2312 quo
1062 2243 1280 2314 Philadelphus,
1306 2245 1349 2313 qui

243 2311 349 2383 κήοιον,
364 2306 435 2382 ἀρχὴ
442 2315 491 2381 τῆς
503 2313 777 2381 τραχείαςΚιλιιιλοις.
817 2325 879 2364 eam
898 2313 1040 2376 condidit,
1065 2313 1147 2381 isque
1164 2315 1250 2366 sinrul
1268 2315 1349 2366 aliam

281 2384 305 2446 l)
330 2385 422 2435 liuius
447 2383 588 2451 quondum
614 2383 723 2448 amplae
749 2389 779 2432 et
817 2380 960 2432 coloniam
990 2381 1020 2434 in
1060 2395 1177 2449 parvum
1218 2383 1349 2451 oppidum

242 2451 371 2504 florentie
388 2452 468 2503 urbis
486 2453 514 2502 in
536 2451 684 2518 peninsula
704 2451 779 2517 poei-
817 2451 956 2515 Corycum
973 2453 1053 2502 misit
1070 2451 1154 2519 eique
1176 2452 1300 2504 vicinum
1325 2456 1351 2502 et

243 2529 290 2574 tae
315 2526 345 2574 et
368 2521 475 2588 duplici
507 2525 592 2586 portu
621 2520 779 2572 instructae
835 2533 934 2570 arvum
949 2520 1262 2573 murumciroumdedit.
1283 2519 1351 2571 Nan

242 2594 354 2642 restant
384 2590 506 2658 vestigia
538 2588 630 2640 omnis
654 2590 778 2656 generis,
852 2587 922 2638 rabo
947 2587 1019 2640 duae
1041 2603 1088 2640 ree
1111 2589 1203 2642 voluit
1226 2589 1350 2650 tradere,

243 2658 278 2710 de
297 2657 399 2727 quibus
416 2656 563 2710 adeundus
583 2663 628 2709 ent
645 2656 783 2709 Beaufor·
816 2655 936 2722 primum
959 2656 1095 2708 Attalium
1126 2671 1190 2710 eece
1214 2671 1233 2708 a
1259 2656 1351 2710 Phila·

242 2729 299 2778 tius
317 2741 343 2794 p.
362 2726 412 2777 149
429 2742 490 2795 aqq.
817 2722 920 2791 delpho
950 2724 1092 2776 conditam
1118 2732 1149 2778 et
1172 2727 1352 2794 cognomina·

276 2797 304 2858 t)
324 2795 447 2849 Videtur
472 2801 572 2846 auctor
596 2791 679 2844 huius
706 2793 782 2860 peri·
815 2793 1351 2860 tamdeiudeabeooimulcorycum,

244 2865 283 2932 pli
300 2865 398 2916 statim
417 2863 521 2916 asida
538 2877 627 2929 usque
645 2862 781 2912 Attalium
814 2868 897 2914 retus
921 2861 1102 2930 oppidulum,
1137 2863 1219 2914 nuria
1244 2864 1352 2914 colonia

242 2931 781 3067 liligiillriiiiimnliglll,li
814 2929 1352 3068 tillidi“liltllll'ln⁰0¹1

513 3036 520 3054 ι
978 3039 985 3052 ·
1218 3034 1227 3061 i

244 3069 339 3122 Attalo
357 3068 491 3130 secundo,
511 3064 695 3132 Philadelpho
714 3082 780 3135 cog·
814 3069 944 3135 teroquin
966 3075 1046 3120 recte
1070 3071 1281 3136 interpretatus
1301 3075 1352 3131 est,

244 3139 398 3198 nominato,
417 3137 466 3203 qui
485 3138 520 3188 ab
540 3137 673 3188 annulos
690 3151 779 3204 oeque
813 3137 901 3188 nriror
920 3129 1028 3205 ὅμορον
1042 3151 1103 3188 cum
1122 3137 1272 3205 πολίχνιον
1289 3151 1352 3188 οοιι-

244 3207 279 3259 ad
300 3223 324 3260 a.
346 3205 395 3257 138
413 3205 545 3273 Pergami
557 3207 694 3272 regnavit,
714 3220 779 3256 oon·
813 3206 956 3267 iunxisse,
989 3221 1052 3257 cum
1072 3213 1163 3258 tamen
1181 3207 1288 3258 Strabo
1306 3219 1353 3257 ro·

242 3277 303 3328 dita
334 3280 378 3327 est
414 3274 523 3326 colonia
560 3274 632 3325 illuc
676 3275 778 3327 missia.
813 3275 902 3326 luerit
928 3274 1036 3338 dicere,
1062 3281 1212 3342 utrumque
1240 3287 1353 3326 murum

243 3345 363 3396 Curulita
381 3350 476 3395 autem
496 3348 555 3406 eet,
580 3342 629 3394 ubi
647 3357 778 3410 promon-
813 3350 843 3394 et
868 3357 958 3395 novae
982 3343 1063 3394 urbis
1083 3349 1114 3394 et
1130 3343 1238 3394 veteris
1256 3343 1352 3394 admo·

243 3409 612 3478 toriuchi'pccocdictum
630 3427 693 3463 curn
713 3427 779 3464 cou-
814 3411 880 3462 dum
916 3411 993 3462 inter
1028 3425 1059 3463 uc
1093 3411 1217 3462 ricinum
1253 3410 1350 3463 iniere.

243 3486 352 3534 tinente
366 3482 561 3550 coniungitur,
582 3481 624 3531 ita
640 3488 672 3531 ut
690 3481 718 3530 in
737 3481 779 3531 in·
813 3480 890 3531 Malo
908 3487 1002 3533 autem
1015 3477 1140 3532 Leukiou
1158 3495 1184 3547 p.
1199 3480 1249 3530 115
1266 3479 1351 3532 ictum

242 3555 312 3603 timo
331 3550 403 3610 siun,
424 3551 473 3618 qui
491 3557 535 3602 eat
551 3549 602 3609 ibi,
625 3549 718 3615 posite
735 3548 779 3599 fu·
813 3548 961 3600 Strabonis
977 3547 1069 3599 locum
1084 3547 1197 3616 anglice
1211 3547 1351 3616 interpre-

242 3623 306 3674 erit.
343 3618 406 3670 Non
432 3619 516 3688 longe
539 3617 574 3668 eb
593 3614 647 3668 lroc
666 3617 730 3669 loco
750 3622 779 3669 et
813 3623 889 3668 tetus
910 3617 1033 3668 restite:
1062 3617 1197 3669 Proxima
1214 3624 1260 3668 est
1284 3617 1350 3668 urbe

241 3686 778 3808 *ulillltilnlw,liniti
811 3685 1351 3806 llilmlaeltlttdilliti

242 3776 298 3876 iud
321 3773 470 3892 oppidum,
507 3830 537 3876 et
568 3767 659 3889 iduum
688 3825 778 3890 cory—
811 3821 916 3874 lonium
941 3771 970 3873 pn
995 3771 1117 3874 v'idnnn
1144 3823 1243 3875 urbem
1262 3822 1347 3889 Cory·

243 3909 290 3944 cus
313 3894 506 3960 appellatum,
524 3891 675 3960 praeclaro
692 3901 776 3959 portu
813 3905 878 3942 cunr
902 3891 1042 3958 misisset,
1073 3897 1222 3959 utramque
1252 3891 1350 3942 urbem

242 3963 418 4014 instructum.
451 3963 483 4013 ln
502 3959 575 4013 hanc
594 3975 706 4029 quoqne
723 3963 777 4013 Co-
811 3959 975 4027 complexus
1007 3965 1051 4012 eet
1091 3960 1154 4012 unia
1192 3961 1351 4022 moenibus,
1424 3959 1425 3976 ¹

241 4044 340 4096 rycum
356 4045 373 4081 e
387 4028 574 4097 Philadelpho
586 4029 680 4081 coloni
699 4029 777 4080 mluai
811 4031 934 4096 epatium
960 4042 1017 4080 non
1040 4029 1084 4080 ita
1109 4043 1241 4097 magum
1260 4028 1349 4080 iuclu—

241 4103 308 4152 runt
325 4111 443 4166 eamque
462 4105 548 4150 antea
566 4113 622 4150 nou
639 4097 777 4149 munitam
812 4097 957 4151 dentibus.

242 4165 778 4219 moenibusuredioeriambitucircum-
804 4201 811 4216 .
847 4167 875 4230 3)
892 4163 1089 4218 Dubitandum
1113 4179 1170 4216 non
1194 4169 1257 4226 eet,
1281 4163 1366 4231 quin,

241 4237 330 4297 dedit,
344 4249 416 4303 quae
431 4233 491 4290 iere
503 4249 613 4288 murum
628 4249 719 4287 norae
733 4251 779 4286 ur·
813 4240 878 4302 pout
904 4229 937 4289 τὰ
961 4229 1099 4302 ἐμπόριον
1123 4233 1264 4286 exciderit
1288 4227 1349 4285 ilci·

239 4307 284 4358 bio
302 4304 514 4374 contingebant.
552 4305 642 4373 Atque
657 4303 726 4357 inde
742 4304 778 4358 ab
813 4320 912 4371 ρνιιοςς
938 4319 1002 4358 nam
1028 4305 1070 4356 ita
1087 4301 1268 4358 scribendum
1286 4315 1348 4354 eece
