<?xml version="1.0" encoding="UTF-8"?>
<!DOCTYPE html PUBLIC "-//W3C//DTD XHTML 1.0 Transitional//EN"
    "http://www.w3.org/TR/xhtml1/DTD/xhtml1-transitional.dtd">
<html xmlns="http://www.w3.org/1999/xhtml" xml:lang="en" lang="en">
 <head>
  <title>
</title>
<meta http-equiv="Content-Type" content="text/html;charset=utf-8" />
  <meta name='ocr-system' content='tesseract 3.04.00' />
  <meta name='ocr-capabilities' content='ocr_page ocr_carea ocr_par ocr_line ocrx_word'/>
</head>
<body>
  <div class='ocr_page' id='page_1' title='image "./marcianiperiplu00menigoog_0332.png"; bbox 0 0 2872 4814; ppageno 0'>
   <div class='ocr_carea' id='block_1_1' title="bbox 368 345 1226 482">
    <p class='ocr_par' dir='ltr' id='par_1_1' title="bbox 368 345 1226 482">
     <span class='ocr_line' id='line_1_1' title="bbox 368 345 1226 482; baseline 0.01 -34"><span class='ocrx_word' id='word_1_1' title='bbox 368 391 455 450; x_wconf 72' lang='lat' dir='ltr'>aar</span> <span class='ocrx_word' id='word_1_2' title='bbox 481 345 702 482; x_wconf 60' lang='lat' dir='ltr'>marauna</span> <span class='ocrx_word' id='word_1_3' title='bbox 723 355 970 452; x_wconf 68' lang='grc' dir='ltr'><em>οΑΛΑΣΣΗΣ.</em></span> <span class='ocrx_word' id='word_1_4' title='bbox 1162 393 1226 458; x_wconf 82' lang='lat' dir='ltr'>ace</span> 
     </span>
    </p>
   </div>
   <div class='ocr_carea' id='block_1_2' title="bbox 108 569 1230 1156">
    <p class='ocr_par' dir='ltr' id='par_1_2' title="bbox 108 569 1230 1156">
     <span class='ocr_line' id='line_1_2' title="bbox 110 569 1227 659; baseline 0.004 -23"><span class='ocrx_word' id='word_1_5' title='bbox 110 572 168 638; x_wconf 86' lang='grc' dir='ltr'>λὸν</span> <span class='ocrx_word' id='word_1_6' title='bbox 208 569 428 656; x_wconf 78' lang='grc' dir='ltr'><em>κατάδενδρον·</em></span> <span class='ocrx_word' id='word_1_7' title='bbox 476 575 580 657; x_wconf 77' lang='grc' dir='ltr'><strong><em>βλέπει</em></strong></span> <span class='ocrx_word' id='word_1_8' title='bbox 622 572 700 658; x_wconf 81' lang='grc' dir='ltr'>πρὸς</span> <span class='ocrx_word' id='word_1_9' title='bbox 742 574 863 657; x_wconf 73' lang='grc' dir='ltr'>ὅρκιον.</span> <span class='ocrx_word' id='word_1_10' title='bbox 906 573 987 640; x_wconf 85' lang='grc' dir='ltr'>Ἀπὸ</span> <span class='ocrx_word' id='word_1_11' title='bbox 1026 571 1081 655; x_wconf 82' lang='grc' dir='ltr'>τὴν</span> <span class='ocrx_word' id='word_1_12' title='bbox 1127 575 1227 659; x_wconf 75' lang='grc' dir='ltr'><em>Τύρον</em></span> 
     </span>
     <span class='ocr_line' id='line_1_3' title="bbox 111 670 1226 758; baseline 0.004 -21"><span class='ocrx_word' id='word_1_13' title='bbox 111 674 164 737; x_wconf 74' lang='grc' dir='ltr'>ἐπὶ</span> <span class='ocrx_word' id='word_1_14' title='bbox 214 670 248 736; x_wconf 76' lang='grc' dir='ltr'>τὸ</span> <span class='ocrx_word' id='word_1_15' title='bbox 272 674 438 738; x_wconf 83' lang='grc' dir='ltr'>Δίιιτοιιονῐ</span> <span class='ocrx_word' id='word_1_16' title='bbox 486 676 566 739; x_wconf 75' lang='lat' dir='ltr'>crab.</span> <span class='ocrx_word' id='word_1_17' title='bbox 610 701 641 738; x_wconf 92' lang='grc' dir='ltr'>π.</span> <span class='ocrx_word' id='word_1_18' title='bbox 699 673 799 756; x_wconf 80' lang='grc' dir='ltr'><em>ὅρμος</em></span> <span class='ocrx_word' id='word_1_19' title='bbox 836 673 917 738; x_wconf 77' lang='grc' dir='ltr'><strong>ἐστὶν</strong></span> <span class='ocrx_word' id='word_1_20' title='bbox 959 675 1102 758; x_wconf 83' lang='grc' dir='ltr'><strong><em>αἰγιαλός.</em></strong></span> <span class='ocrx_word' id='word_1_21' title='bbox 1145 675 1226 742; x_wconf 86' lang='grc' dir='ltr'>Ἀπο</span> 
     </span>
     <span class='ocr_line' id='line_1_4' title="bbox 108 770 1226 858; baseline 0.01 -24"><span class='ocrx_word' id='word_1_22' title='bbox 108 778 165 836; x_wconf 84' lang='grc' dir='ltr'>τοῦ</span> <span class='ocrx_word' id='word_1_23' title='bbox 203 773 368 836; x_wconf 75' lang='grc' dir='ltr'><strong><em>Λικιννίου</em></strong></span> <span class='ocrx_word' id='word_1_24' title='bbox 401 773 450 838; x_wconf 69' lang='lat' dir='ltr'>tel</span> <span class='ocrx_word' id='word_1_25' title='bbox 492 770 548 856; x_wconf 79' lang='grc' dir='ltr'>τὴν</span> <span class='ocrx_word' id='word_1_26' title='bbox 599 775 733 855; x_wconf 59' lang='grc' dir='ltr'>Κοίτηιι8</span> <span class='ocrx_word' id='word_1_27' title='bbox 765 773 847 838; x_wconf 71' lang='lat' dir='ltr'>oroi.</span> <span class='ocrx_word' id='word_1_28' title='bbox 886 771 938 854; x_wconf 77' lang='grc' dir='ltr'>ρο.’</span> <span class='ocrx_word' id='word_1_29' title='bbox 991 776 1087 858; x_wconf 76' lang='grc' dir='ltr'><em>νῆσός</em></span> <span class='ocrx_word' id='word_1_30' title='bbox 1129 780 1226 844; x_wconf 55' lang='grc' dir='ltr'><strong><em>ἐστιν</em></strong></span> 
     </span>
     <span class='ocr_line' id='line_1_5' title="bbox 112 868 1227 961; baseline 0.008 -26"><span class='ocrx_word' id='word_1_31' title='bbox 112 873 172 952; x_wconf 69' lang='grc' dir='ltr'><strong><em>ἔχει</em></strong></span> <span class='ocrx_word' id='word_1_32' title='bbox 210 871 307 954; x_wconf 73' lang='grc' dir='ltr'><em>ὅρμον</em></span> <span class='ocrx_word' id='word_1_33' title='bbox 332 874 383 936; x_wconf 80' lang='grc' dir='ltr'>καὶ</span> <span class='ocrx_word' id='word_1_34' title='bbox 411 872 510 955; x_wconf 74' lang='grc' dir='ltr'><em>ὕδωρ·</em></span> <span class='ocrx_word' id='word_1_35' title='bbox 542 874 645 955; x_wconf 77' lang='grc' dir='ltr'><strong><em>βλέπει</em></strong></span> <span class='ocrx_word' id='word_1_36' title='bbox 673 869 751 956; x_wconf 75' lang='grc' dir='ltr'>πρὸς</span> <span class='ocrx_word' id='word_1_37' title='bbox 777 868 833 952; x_wconf 82' lang='grc' dir='ltr'>τὴν</span> <span class='ocrx_word' id='word_1_38' title='bbox 854 871 979 954; x_wconf 77' lang='grc' dir='ltr'><em>Κρήτην</em></span> <span class='ocrx_word' id='word_1_39' title='bbox 1006 873 1085 956; x_wconf 82' lang='grc' dir='ltr'>πρὸς</span> <span class='ocrx_word' id='word_1_40' title='bbox 1105 873 1227 961; x_wconf 69' lang='grc' dir='ltr'><em>ἄροτον.</em></span> 
     </span>
     <span class='ocr_line' id='line_1_6' title="bbox 114 969 1230 1061; baseline 0.009 -29"><span class='ocrx_word' id='word_1_41' title='bbox 114 969 189 1036; x_wconf 85' lang='grc' dir='ltr'>Ἀπὸ</span> <span class='ocrx_word' id='word_1_42' title='bbox 220 977 275 1036; x_wconf 81' lang='grc' dir='ltr'>τοῦ</span> <span class='ocrx_word' id='word_1_43' title='bbox 300 970 465 1034; x_wconf 70' lang='lat' dir='ltr'>’Albonica³</span> <span class='ocrx_word' id='word_1_44' title='bbox 491 973 533 1047; x_wconf 83' lang='grc' dir='ltr'>εἰς</span> <span class='ocrx_word' id='word_1_45' title='bbox 561 976 752 1036; x_wconf 64' lang='grc' dir='ltr'><strong><em>Κοιλωνίαν*</em></strong></span> <span class='ocrx_word' id='word_1_46' title='bbox 783 974 863 1036; x_wconf 71' lang='lat' dir='ltr'>orell.</span> <span class='ocrx_word' id='word_1_47' title='bbox 887 979 909 1048; x_wconf 83' lang='grc' dir='ltr'>ζ.</span> <span class='ocrx_word' id='word_1_48' title='bbox 940 973 1028 1050; x_wconf 84' lang='grc' dir='ltr'><strong><em>πόλις</em></strong></span> <span class='ocrx_word' id='word_1_49' title='bbox 1050 977 1146 1040; x_wconf 79' lang='grc' dir='ltr'><strong><em>ἐστίν·</em></strong></span> <span class='ocrx_word' id='word_1_50' title='bbox 1170 981 1230 1061; x_wconf 72' lang='grc' dir='ltr'><strong><em>ἔχει</em></strong></span> 
     </span>
     <span class='ocr_line' id='line_1_7' title="bbox 108 1066 1229 1156; baseline 0.01 -24"><span class='ocrx_word' id='word_1_51' title='bbox 108 1072 215 1152; x_wconf 78' lang='grc' dir='ltr'><strong><em>λιμένα</em></strong></span> <span class='ocrx_word' id='word_1_52' title='bbox 242 1071 293 1134; x_wconf 80' lang='grc' dir='ltr'>καὶ</span> <span class='ocrx_word' id='word_1_53' title='bbox 323 1072 366 1144; x_wconf 77' lang='grc' dir='ltr'>εἰς</span> <span class='ocrx_word' id='word_1_54' title='bbox 397 1066 453 1151; x_wconf 80' lang='grc' dir='ltr'>τὴν</span> <span class='ocrx_word' id='word_1_55' title='bbox 484 1073 604 1135; x_wconf 74' lang='grc' dir='ltr'><em>εἴσοδον</em></span> <span class='ocrx_word' id='word_1_56' title='bbox 642 1070 742 1154; x_wconf 71' lang='grc' dir='ltr'><strong><em>βρᾶχη</em></strong></span> <span class='ocrx_word' id='word_1_57' title='bbox 774 1072 840 1153; x_wconf 75' lang='grc' dir='ltr'><strong><em>ἔχει.</em></strong></span> <span class='ocrx_word' id='word_1_58' title='bbox 883 1069 957 1136; x_wconf 82' lang='grc' dir='ltr'>Ἀπὸ</span> <span class='ocrx_word' id='word_1_59' title='bbox 987 1079 1157 1154; x_wconf 76' lang='grc' dir='ltr'>Κοιλωνλος</span> <span class='ocrx_word' id='word_1_60' title='bbox 1185 1081 1229 1156; x_wconf 83' lang='grc' dir='ltr'>εἰς</span> 
     </span>
    </p>
   </div>
   <div class='ocr_carea' id='block_1_3' title="bbox 108 1287 1282 1747">
    <p class='ocr_par' dir='ltr' id='par_1_3' title="bbox 108 1287 1282 1747">
     <span class='ocr_line' id='line_1_8' title="bbox 108 1287 1228 1368; baseline 0.009 -23"><span class='ocrx_word' id='word_1_61' title='bbox 108 1292 287 1346; x_wconf 88' lang='lat' dir='ltr'>montorium</span> <span class='ocrx_word' id='word_1_62' title='bbox 307 1301 353 1346; x_wconf 88' lang='lat' dir='ltr'>est</span> <span class='ocrx_word' id='word_1_63' title='bbox 372 1292 463 1346; x_wconf 89' lang='lat' dir='ltr'>altum</span> <span class='ocrx_word' id='word_1_64' title='bbox 485 1291 691 1367; x_wconf 88' lang='lat' dir='ltr'>obtectumque</span> <span class='ocrx_word' id='word_1_65' title='bbox 721 1291 812 1346; x_wconf 84' lang='lat' dir='ltr'>silvis.</span> <span class='ocrx_word' id='word_1_66' title='bbox 854 1287 975 1364; x_wconf 83' lang='lat' dir='ltr'>Spectat</span> <span class='ocrx_word' id='word_1_67' title='bbox 994 1293 1031 1350; x_wconf 85' lang='lat' dir='ltr'>ad</span> <span class='ocrx_word' id='word_1_68' title='bbox 1050 1299 1228 1368; x_wconf 84' lang='lat' dir='ltr'>septentrio-</span> 
     </span>
     <span class='ocr_line' id='line_1_9' title="bbox 110 1365 1229 1444; baseline 0.011 -25"><span class='ocrx_word' id='word_1_69' title='bbox 110 1385 189 1422; x_wconf 86' lang='lat' dir='ltr'>nem.</span> <span class='ocrx_word' id='word_1_70' title='bbox 231 1365 379 1444; x_wconf 79' lang='lat' dir='ltr'>ATityro</span> <span class='ocrx_word' id='word_1_71' title='bbox 401 1367 436 1422; x_wconf 89' lang='lat' dir='ltr'>ad</span> <span class='ocrx_word' id='word_1_72' title='bbox 459 1365 630 1442; x_wconf 85' lang='lat' dir='ltr'>Dictynncn</span> <span class='ocrx_word' id='word_1_73' title='bbox 659 1366 755 1422; x_wconf 88' lang='lat' dir='ltr'>stadia</span> <span class='ocrx_word' id='word_1_74' title='bbox 780 1367 825 1422; x_wconf 83' lang='lat'>80.</span> <span class='ocrx_word' id='word_1_75' title='bbox 866 1365 961 1424; x_wconf 87' lang='lat' dir='ltr'>Locus</span> <span class='ocrx_word' id='word_1_76' title='bbox 992 1372 1156 1444; x_wconf 89' lang='lat' dir='ltr'>appellendi</span> <span class='ocrx_word' id='word_1_77' title='bbox 1182 1384 1229 1430; x_wconf 85' lang='lat' dir='ltr'>est</span> 
     </span>
     <span class='ocr_line' id='line_1_10' title="bbox 109 1435 1229 1518; baseline 0.008 -21"><span class='ocrx_word' id='word_1_78' title='bbox 109 1451 142 1497; x_wconf 86' lang='lat' dir='ltr'>et</span> <span class='ocrx_word' id='word_1_79' title='bbox 172 1443 249 1497; x_wconf 79' lang='lat' dir='ltr'>litus.</span> <span class='ocrx_word' id='word_1_80' title='bbox 290 1440 487 1518; x_wconf 81' lang='lat' dir='ltr'>ADirtynno</span> <span class='ocrx_word' id='word_1_81' title='bbox 508 1443 543 1498; x_wconf 88' lang='lat' dir='ltr'>ad</span> <span class='ocrx_word' id='word_1_82' title='bbox 572 1443 683 1500; x_wconf 84' lang='lat' dir='ltr'>Cocten</span> <span class='ocrx_word' id='word_1_83' title='bbox 707 1441 802 1498; x_wconf 88' lang='lat' dir='ltr'>stadia</span> <span class='ocrx_word' id='word_1_84' title='bbox 825 1443 887 1498; x_wconf 84' lang='lat'><strong>170.</strong></span> <span class='ocrx_word' id='word_1_85' title='bbox 926 1443 1026 1501; x_wconf 87' lang='lat' dir='ltr'>lnsula</span> <span class='ocrx_word' id='word_1_86' title='bbox 1050 1457 1102 1502; x_wconf 88' lang='lat' dir='ltr'>est.</span> <span class='ocrx_word' id='word_1_87' title='bbox 1132 1435 1229 1506; x_wconf 77' lang='lat' dir='ltr'>Habe&#39;t</span> 
     </span>
     <span class='ocr_line' id='line_1_11' title="bbox 109 1515 1282 1598; baseline 0.009 -26"><span class='ocrx_word' id='word_1_88' title='bbox 109 1519 208 1574; x_wconf 90' lang='lat' dir='ltr'>locum</span> <span class='ocrx_word' id='word_1_89' title='bbox 229 1517 394 1591; x_wconf 78' lang='lat' dir='ltr'>appellandi</span> <span class='ocrx_word' id='word_1_90' title='bbox 414 1536 584 1594; x_wconf 80' lang='lat' dir='ltr'>aquamque.</span> <span class='ocrx_word' id='word_1_91' title='bbox 608 1517 735 1594; x_wconf 79' lang='lat' dir='ltr'>Spectat</span> <span class='ocrx_word' id='word_1_92' title='bbox 755 1517 791 1572; x_wconf 82' lang='lat' dir='ltr'>arl</span> <span class='ocrx_word' id='word_1_93' title='bbox 812 1515 928 1575; x_wconf 81' lang='lat' dir='ltr'>Cretam</span> <span class='ocrx_word' id='word_1_94' title='bbox 948 1521 1034 1577; x_wconf 88' lang='lat' dir='ltr'>etad</span> <span class='ocrx_word' id='word_1_95' title='bbox 1053 1527 1230 1598; x_wconf 85' lang='lat' dir='ltr'>septentrio·</span> <span class='ocrx_word' id='word_1_96' title='bbox 1280 1557 1282 1565; x_wconf 70' lang='lat'>,</span> 
     </span>
     <span class='ocr_line' id='line_1_12' title="bbox 110 1591 1229 1676; baseline 0.008 -28"><span class='ocrx_word' id='word_1_97' title='bbox 110 1611 187 1649; x_wconf 83' lang='lat' dir='ltr'>nem.</span> <span class='ocrx_word' id='word_1_98' title='bbox 235 1595 259 1648; x_wconf 89' lang='lat' dir='ltr'><strong>A</strong></span> <span class='ocrx_word' id='word_1_99' title='bbox 287 1591 377 1649; x_wconf 81' lang='lat' dir='ltr'>Coete</span> <span class='ocrx_word' id='word_1_100' title='bbox 405 1594 442 1650; x_wconf 89' lang='lat' dir='ltr'>ad</span> <span class='ocrx_word' id='word_1_101' title='bbox 473 1593 633 1669; x_wconf 81' lang='lat' dir='ltr'>Cydoniam</span> <span class='ocrx_word' id='word_1_102' title='bbox 653 1593 748 1650; x_wconf 89' lang='lat' dir='ltr'>stadia</span> <span class='ocrx_word' id='word_1_103' title='bbox 767 1595 813 1648; x_wconf 85' lang='lat'>60.</span> <span class='ocrx_word' id='word_1_104' title='bbox 854 1592 929 1650; x_wconf 88' lang='lat' dir='ltr'>Urbs</span> <span class='ocrx_word' id='word_1_105' title='bbox 950 1607 1003 1652; x_wconf 87' lang='lat' dir='ltr'>est.</span> <span class='ocrx_word' id='word_1_106' title='bbox 1044 1597 1142 1656; x_wconf 82' lang='lat' dir='ltr'>Habet</span> <span class='ocrx_word' id='word_1_107' title='bbox 1160 1621 1229 1676; x_wconf 92' lang='lat' dir='ltr'>por-</span> 
     </span>
     <span class='ocr_line' id='line_1_13' title="bbox 108 1667 1229 1747; baseline 0.01 -24"><span class='ocrx_word' id='word_1_108' title='bbox 108 1678 172 1724; x_wconf 91' lang='lat' dir='ltr'>tum</span> <span class='ocrx_word' id='word_1_109' title='bbox 199 1669 230 1723; x_wconf 91' lang='lat' dir='ltr'>in</span> <span class='ocrx_word' id='word_1_110' title='bbox 251 1672 370 1744; x_wconf 80' lang='lat' dir='ltr'>ejusque</span> <span class='ocrx_word' id='word_1_111' title='bbox 398 1671 525 1727; x_wconf 92' lang='lat' dir='ltr'>introitu</span> <span class='ocrx_word' id='word_1_112' title='bbox 546 1671 655 1728; x_wconf 87' lang='lat' dir='ltr'>brevia.</span> <span class='ocrx_word' id='word_1_113' title='bbox 694 1671 719 1724; x_wconf 86' lang='grc' dir='ltr'><strong>Α</strong></span> <span class='ocrx_word' id='word_1_114' title='bbox 747 1667 878 1745; x_wconf 85' lang='lat' dir='ltr'>Cyponia</span> <span class='ocrx_word' id='word_1_115' title='bbox 904 1671 940 1728; x_wconf 82' lang='lat' dir='ltr'>au</span> <span class='ocrx_word' id='word_1_116' title='bbox 970 1671 1079 1747; x_wconf 85' lang='lat' dir='ltr'>Aptera</span> <span class='ocrx_word' id='word_1_117' title='bbox 1104 1677 1229 1734; x_wconf 92' lang='lat' dir='ltr'>circum·</span> 
     </span>
    </p>
   </div>
   <div class='ocr_carea' id='block_1_4' title="bbox 66 1878 1311 4133">
    <p class='ocr_par' dir='ltr' id='par_1_4' title="bbox 88 1878 1311 2564">
     <span class='ocr_line' id='line_1_14' title="bbox 145 1878 1311 1953; baseline 0.009 -23"><span class='ocrx_word' id='word_1_118' title='bbox 145 1880 178 1942; x_wconf 76' lang='lat' dir='ltr'>t)</span> <span class='ocrx_word' id='word_1_119' title='bbox 210 1878 312 1946; x_wconf 60' lang='lat' dir='ltr'>&amp;nujus</span> <span class='ocrx_word' id='word_1_120' title='bbox 337 1894 450 1948; x_wconf 90' lang='lat' dir='ltr'>quoque</span> <span class='ocrx_word' id='word_1_121' title='bbox 475 1887 574 1948; x_wconf 87' lang='lat' dir='ltr'>portus</span> <span class='ocrx_word' id='word_1_122' title='bbox 603 1895 653 1932; x_wconf 94' lang='lat' dir='ltr'>no·</span> <span class='ocrx_word' id='word_1_123' title='bbox 687 1885 748 1942; x_wconf 86' lang='lat' dir='ltr'>tra,</span> <span class='ocrx_word' id='word_1_124' title='bbox 780 1879 946 1948; x_wconf 79' lang='lat' dir='ltr'>acelcvpov</span> <span class='ocrx_word' id='word_1_125' title='bbox 966 1898 1147 1953; x_wconf 86' lang='lat' dir='ltr'>magnum,</span> <span class='ocrx_word' id='word_1_126' title='bbox 1182 1889 1230 1940; x_wconf 91' lang='lat' dir='ltr'>al·</span> <span class='ocrx_word' id='word_1_127' title='bbox 1302 1909 1311 1920; x_wconf 73' lang='grc'>·</span> 
     </span>
     <span class='ocr_line' id='line_1_15' title="bbox 88 1949 1231 2017; baseline 0.01 -20"><span class='ocrx_word' id='word_1_128' title='bbox 88 1963 172 1998; x_wconf 89' lang='lat' dir='ltr'>·men</span> <span class='ocrx_word' id='word_1_129' title='bbox 197 1961 252 1998; x_wconf 89' lang='lat' dir='ltr'>ncn</span> <span class='ocrx_word' id='word_1_130' title='bbox 279 1951 352 2014; x_wconf 89' lang='lat' dir='ltr'>apud</span> <span class='ocrx_word' id='word_1_131' title='bbox 372 1949 460 2000; x_wconf 88' lang='lat' dir='ltr'>alium</span> <span class='ocrx_word' id='word_1_132' title='bbox 484 1952 653 2017; x_wconf 82' lang='lat' dir='ltr'>scriptorem</span> <span class='ocrx_word' id='word_1_133' title='bbox 687 1955 724 1999; x_wconf 91' lang='lat' dir='ltr'>tu</span> <span class='ocrx_word' id='word_1_134' title='bbox 736 1949 951 2017; x_wconf 87' lang='lat' dir='ltr'>m‚signilicare,</span> <span class='ocrx_word' id='word_1_135' title='bbox 965 1951 1231 2008; x_wconf 77' lang='lat' dir='ltr'>facileinrleexisti-</span> 
     </span>
     <span class='ocr_line' id='line_1_16' title="bbox 108 2016 1231 2093; baseline 0.011 -28"><span class='ocrx_word' id='word_1_136' title='bbox 108 2017 254 2079; x_wconf 81' lang='lat' dir='ltr'>invenias3</span> <span class='ocrx_word' id='word_1_137' title='bbox 273 2016 324 2067; x_wconf 86' lang='lat' dir='ltr'>sed</span> <span class='ocrx_word' id='word_1_138' title='bbox 348 2017 379 2068; x_wconf 90' lang='lat' dir='ltr'>id</span> <span class='ocrx_word' id='word_1_139' title='bbox 398 2026 474 2070; x_wconf 85' lang='lat' dir='ltr'>recte</span> <span class='ocrx_word' id='word_1_140' title='bbox 491 2035 522 2070; x_wconf 91' lang='lat' dir='ltr'>se</span> <span class='ocrx_word' id='word_1_141' title='bbox 540 2018 654 2079; x_wconf 84' lang='lat' dir='ltr'>habere,</span> <span class='ocrx_word' id='word_1_142' title='bbox 687 2018 759 2068; x_wconf 88' lang='lat' dir='ltr'>mari</span> <span class='ocrx_word' id='word_1_143' title='bbox 777 2024 881 2083; x_wconf 84' lang='lat' dir='ltr'>potest,</span> <span class='ocrx_word' id='word_1_144' title='bbox 891 2020 966 2086; x_wconf 91' lang='lat' dir='ltr'>quod</span> <span class='ocrx_word' id='word_1_145' title='bbox 978 2023 1100 2074; x_wconf 87' lang='lat' dir='ltr'>virorum</span> <span class='ocrx_word' id='word_1_146' title='bbox 1118 2039 1231 2093; x_wconf 90' lang='lat' dir='ltr'>quoque</span> 
     </span>
     <span class='ocr_line' id='line_1_17' title="bbox 112 2085 1232 2152; baseline 0.013 -19"><span class='ocrx_word' id='word_1_147' title='bbox 112 2085 216 2136; x_wconf 88' lang='lat' dir='ltr'>docent</span> <span class='ocrx_word' id='word_1_148' title='bbox 235 2099 308 2152; x_wconf 87' lang='lat' dir='ltr'>quae</span> <span class='ocrx_word' id='word_1_149' title='bbox 327 2085 426 2138; x_wconf 86' lang='lat' dir='ltr'>addita</span> <span class='ocrx_word' id='word_1_150' title='bbox 443 2094 518 2142; x_wconf 90' lang='lat' dir='ltr'>suot.</span> <span class='ocrx_word' id='word_1_151' title='bbox 536 2088 590 2138; x_wconf 89' lang='lat' dir='ltr'>Ubi</span> <span class='ocrx_word' id='word_1_152' title='bbox 605 2103 653 2138; x_wconf 87' lang='lat' dir='ltr'>au·</span> <span class='ocrx_word' id='word_1_153' title='bbox 688 2086 829 2152; x_wconf 90' lang='lat' dir='ltr'>proprlum</span> <span class='ocrx_word' id='word_1_154' title='bbox 848 2103 949 2138; x_wconf 85' lang='lat' dir='ltr'>nomen</span> <span class='ocrx_word' id='word_1_155' title='bbox 969 2088 1034 2141; x_wconf 81' lang='lat' dir='ltr'>fuit.</span> <span class='ocrx_word' id='word_1_156' title='bbox 1071 2089 1168 2146; x_wconf 79' lang='grc' dir='ltr'>Ψοῖιιοο</span> <span class='ocrx_word' id='word_1_157' title='bbox 1184 2110 1232 2146; x_wconf 87' lang='lat' dir='ltr'>au·</span> 
     </span>
     <span class='ocr_line' id='line_1_18' title="bbox 110 2153 1231 2220; baseline 0.01 -18"><span class='ocrx_word' id='word_1_158' title='bbox 110 2161 167 2204; x_wconf 87' lang='lat' dir='ltr'>tem</span> <span class='ocrx_word' id='word_1_159' title='bbox 192 2153 270 2204; x_wconf 88' lang='lat' dir='ltr'>istud</span> <span class='ocrx_word' id='word_1_160' title='bbox 294 2154 418 2220; x_wconf 84' lang='lat' dir='ltr'>Agncum</span> <span class='ocrx_word' id='word_1_161' title='bbox 443 2157 528 2206; x_wconf 90' lang='lat' dir='ltr'>situm</span> <span class='ocrx_word' id='word_1_162' title='bbox 556 2153 653 2218; x_wconf 82' lang='lat' dir='ltr'>fuerit,</span> <span class='ocrx_word' id='word_1_163' title='bbox 687 2160 759 2213; x_wconf 90' lang='lat' dir='ltr'>tem,</span> <span class='ocrx_word' id='word_1_164' title='bbox 795 2169 849 2220; x_wconf 91' lang='lat' dir='ltr'>quo</span> <span class='ocrx_word' id='word_1_165' title='bbox 881 2171 899 2206; x_wconf 86' lang='lat' dir='ltr'>a</span> <span class='ocrx_word' id='word_1_166' title='bbox 922 2155 1088 2210; x_wconf 87' lang='lat' dir='ltr'>Ptolemaeo</span> <span class='ocrx_word' id='word_1_167' title='bbox 1117 2165 1231 2214; x_wconf 88' lang='lat' dir='ltr'>nomine</span> 
     </span>
     <span class='ocr_line' id='line_1_19' title="bbox 110 2221 1231 2292; baseline 0.009 -21"><span class='ocrx_word' id='word_1_168' title='bbox 110 2229 194 2272; x_wconf 87' lang='lat' dir='ltr'>etex</span> <span class='ocrx_word' id='word_1_169' title='bbox 212 2235 343 2272; x_wconf 90' lang='lat' dir='ltr'>mensura</span> <span class='ocrx_word' id='word_1_170' title='bbox 361 2224 500 2291; x_wconf 73' lang='lat' dir='ltr'>extisque</span> <span class='ocrx_word' id='word_1_171' title='bbox 519 2237 591 2292; x_wconf 89' lang='lat' dir='ltr'>quae</span> <span class='ocrx_word' id='word_1_172' title='bbox 609 2239 653 2275; x_wconf 88' lang='lat' dir='ltr'>se·</span> <span class='ocrx_word' id='word_1_173' title='bbox 687 2221 762 2272; x_wconf 86' lang='lat' dir='ltr'>istud</span> <span class='ocrx_word' id='word_1_174' title='bbox 783 2225 1005 2288; x_wconf 87' lang='lat' dir='ltr'>promontorium</span> <span class='ocrx_word' id='word_1_175' title='bbox 1033 2225 1154 2292; x_wconf 82' lang='lat' dir='ltr'>dieitur,</span> <span class='ocrx_word' id='word_1_176' title='bbox 1189 2232 1231 2280; x_wconf 91' lang='lat' dir='ltr'>in·</span> 
     </span>
     <span class='ocr_line' id='line_1_20' title="bbox 109 2289 1231 2360; baseline 0.011 -22"><span class='ocrx_word' id='word_1_177' title='bbox 109 2289 335 2355; x_wconf 84' lang='lat' dir='ltr'>quunturfacile</span> <span class='ocrx_word' id='word_1_178' title='bbox 355 2292 442 2341; x_wconf 85' lang='lat' dir='ltr'>statui</span> <span class='ocrx_word' id='word_1_179' title='bbox 472 2298 581 2358; x_wconf 83' lang='lat' dir='ltr'>potest,</span> <span class='ocrx_word' id='word_1_180' title='bbox 610 2293 653 2344; x_wconf 87' lang='lat' dir='ltr'>Si·</span> <span class='ocrx_word' id='word_1_181' title='bbox 687 2297 1042 2360; x_wconf 85' lang='lat' dir='ltr'>terpretamurguttanr,</span> <span class='ocrx_word' id='word_1_182' title='bbox 1061 2311 1122 2346; x_wconf 90' lang='lat' dir='ltr'>eum</span> <span class='ocrx_word' id='word_1_183' title='bbox 1140 2304 1231 2349; x_wconf 86' lang='lat' dir='ltr'>extre-</span> 
     </span>
     <span class='ocr_line' id='line_1_21' title="bbox 109 2357 1233 2426; baseline 0.01 -19"><span class='ocrx_word' id='word_1_184' title='bbox 109 2363 170 2407; x_wconf 91' lang='lat' dir='ltr'>tum</span> <span class='ocrx_word' id='word_1_185' title='bbox 189 2357 245 2408; x_wconf 83' lang='lat' dir='ltr'>luit</span> <span class='ocrx_word' id='word_1_186' title='bbox 263 2359 337 2409; x_wconf 90' lang='lat' dir='ltr'>enim</span> <span class='ocrx_word' id='word_1_187' title='bbox 354 2358 383 2408; x_wconf 89' lang='lat' dir='ltr'>in</span> <span class='ocrx_word' id='word_1_188' title='bbox 399 2362 586 2426; x_wconf 85' lang='lat' dir='ltr'>promontorii</span> <span class='ocrx_word' id='word_1_189' title='bbox 608 2362 653 2413; x_wconf 85' lang='lat' dir='ltr'>ci·</span> <span class='ocrx_word' id='word_1_190' title='bbox 688 2373 734 2410; x_wconf 88' lang='lat' dir='ltr'>ma</span> <span class='ocrx_word' id='word_1_191' title='bbox 753 2360 938 2424; x_wconf 85' lang='lat' dir='ltr'>promontorii</span> <span class='ocrx_word' id='word_1_192' title='bbox 962 2375 1028 2426; x_wconf 91' lang='lat' dir='ltr'>pars</span> <span class='ocrx_word' id='word_1_193' title='bbox 1054 2369 1083 2414; x_wconf 90' lang='lat' dir='ltr'>et</span> <span class='ocrx_word' id='word_1_194' title='bbox 1106 2367 1233 2418; x_wconf 86' lang='lat' dir='ltr'>rotunda</span> 
     </span>
     <span class='ocr_line' id='line_1_22' title="bbox 109 2425 1232 2497; baseline 0.011 -23"><span class='ocrx_word' id='word_1_195' title='bbox 109 2425 183 2486; x_wconf 85' lang='lat' dir='ltr'>mari</span> <span class='ocrx_word' id='word_1_196' title='bbox 207 2425 296 2478; x_wconf 90' lang='lat' dir='ltr'>latere</span> <span class='ocrx_word' id='word_1_197' title='bbox 322 2427 455 2479; x_wconf 83' lang='lat' dir='ltr'>orientali</span> <span class='ocrx_word' id='word_1_198' title='bbox 480 2434 510 2480; x_wconf 91' lang='lat' dir='ltr'>et</span> <span class='ocrx_word' id='word_1_199' title='bbox 533 2429 569 2481; x_wconf 90' lang='lat' dir='ltr'>ad</span> <span class='ocrx_word' id='word_1_200' title='bbox 591 2445 653 2497; x_wconf 89' lang='lat' dir='ltr'>sep·</span> <span class='ocrx_word' id='word_1_201' title='bbox 687 2427 725 2478; x_wconf 89' lang='lat' dir='ltr'>sit</span> <span class='ocrx_word' id='word_1_202' title='bbox 751 2432 780 2478; x_wconf 95' lang='lat' dir='ltr'>et</span> <span class='ocrx_word' id='word_1_203' title='bbox 798 2428 865 2484; x_wconf 88' lang='lat' dir='ltr'>alta.</span> <span class='ocrx_word' id='word_1_204' title='bbox 901 2429 1014 2494; x_wconf 73' lang='lat' dir='ltr'>apicem</span> <span class='ocrx_word' id='word_1_205' title='bbox 1033 2440 1127 2482; x_wconf 84' lang='lat' dir='ltr'>autem</span> <span class='ocrx_word' id='word_1_206' title='bbox 1149 2435 1232 2486; x_wconf 89' lang='lat' dir='ltr'>intel·</span> 
     </span>
     <span class='ocr_line' id='line_1_23' title="bbox 109 2485 1232 2564; baseline 0.011 -20"><span class='ocrx_word' id='word_1_207' title='bbox 109 2485 284 2544; x_wconf 79' lang='lat' dir='ltr'>tentrionenr</span> <span class='ocrx_word' id='word_1_208' title='bbox 304 2495 427 2561; x_wconf 87' lang='lat' dir='ltr'>quidem.</span> <span class='ocrx_word' id='word_1_209' title='bbox 687 2495 740 2562; x_wconf 88' lang='lat' dir='ltr'>ligi</span> <span class='ocrx_word' id='word_1_210' title='bbox 760 2498 964 2562; x_wconf 81' lang='lat' dir='ltr'>promontorii,</span> <span class='ocrx_word' id='word_1_211' title='bbox 981 2506 1102 2564; x_wconf 87' lang='lat' dir='ltr'>apparet</span> <span class='ocrx_word' id='word_1_212' title='bbox 1119 2517 1155 2554; x_wconf 85' lang='lat' dir='ltr'>ex</span> <span class='ocrx_word' id='word_1_213' title='bbox 1170 2518 1232 2555; x_wconf 86' lang='lat' dir='ltr'>ver·</span> 
     </span>
    </p>

    <p class='ocr_par' dir='ltr' id='par_1_5' title="bbox 108 2559 1234 2904">
     <span class='ocr_line' id='line_1_24' title="bbox 147 2559 1065 2633; baseline 0.005 -19"><span class='ocrx_word' id='word_1_214' title='bbox 147 2563 174 2619; x_wconf 86' lang='lat' dir='ltr'>ti)</span> <span class='ocrx_word' id='word_1_215' title='bbox 208 2563 289 2613; x_wconf 86' lang='lat' dir='ltr'>Haec</span> <span class='ocrx_word' id='word_1_216' title='bbox 316 2564 384 2614; x_wconf 85' lang='lat' dir='ltr'>urbs</span> <span class='ocrx_word' id='word_1_217' title='bbox 410 2565 587 2616; x_wconf 88' lang='lat' dir='ltr'>nuncetiam</span> <span class='ocrx_word' id='word_1_218' title='bbox 606 2579 653 2617; x_wconf 83' lang='lat' dir='ltr'>ex·</span> <span class='ocrx_word' id='word_1_219' title='bbox 688 2564 732 2614; x_wconf 88' lang='lat' dir='ltr'>bis</span> <span class='ocrx_word' id='word_1_220' title='bbox 750 2559 846 2632; x_wconf 79' lang='grc' dir='ltr'><strong><em>βλέπει</em></strong></span> <span class='ocrx_word' id='word_1_221' title='bbox 863 2559 935 2631; x_wconf 79' lang='grc' dir='ltr'>πρὸς</span> <span class='ocrx_word' id='word_1_222' title='bbox 952 2559 1065 2633; x_wconf 76' lang='grc' dir='ltr'><em>ἄρκτον.</em></span> 
     </span>
     <span class='ocr_line' id='line_1_25' title="bbox 109 2627 1232 2701; baseline 0.008 -20"><span class='ocrx_word' id='word_1_223' title='bbox 109 2635 163 2683; x_wconf 88' lang='lat' dir='ltr'>tat.</span> <span class='ocrx_word' id='word_1_224' title='bbox 194 2627 288 2681; x_wconf 80' lang='lat' dir='ltr'>&#39;Simul</span> <span class='ocrx_word' id='word_1_225' title='bbox 313 2631 516 2701; x_wconf 83' lang='lat' dir='ltr'>intelligimus,</span> <span class='ocrx_word' id='word_1_226' title='bbox 551 2634 653 2697; x_wconf 89' lang='lat' dir='ltr'>sinum,</span> <span class='ocrx_word' id='word_1_227' title='bbox 723 2633 749 2693; x_wconf 86' lang='lat' dir='ltr'>l)</span> <span class='ocrx_word' id='word_1_228' title='bbox 795 2634 858 2682; x_wconf 89' lang='lat' dir='ltr'>lloc</span> <span class='ocrx_word' id='word_1_229' title='bbox 880 2634 1011 2699; x_wconf 87' lang='lat' dir='ltr'>oppidum</span> <span class='ocrx_word' id='word_1_230' title='bbox 1031 2635 1232 2690; x_wconf 84' lang='lat' dir='ltr'>aPtolemaeo</span> 
     </span>
     <span class='ocr_line' id='line_1_26' title="bbox 109 2699 1232 2769; baseline 0.008 -20"><span class='ocrx_word' id='word_1_231' title='bbox 109 2701 161 2765; x_wconf 90' lang='lat' dir='ltr'>qui</span> <span class='ocrx_word' id='word_1_232' title='bbox 179 2703 304 2750; x_wconf 87' lang='lat' dir='ltr'>utnunc</span> <span class='ocrx_word' id='word_1_233' title='bbox 322 2699 654 2769; x_wconf 75' lang='lat' dir='ltr'>itaantiquiotempori-</span> <span class='ocrx_word' id='word_1_234' title='bbox 688 2699 849 2766; x_wconf 82' lang='grc' dir='ltr'><em>Δίκτοιμνον</em></span> <span class='ocrx_word' id='word_1_235' title='bbox 885 2701 999 2755; x_wconf 89' lang='lat' dir='ltr'>dicitur.</span> <span class='ocrx_word' id='word_1_236' title='bbox 1036 2703 1068 2754; x_wconf 98' lang='lat' dir='ltr'>ln</span> <span class='ocrx_word' id='word_1_237' title='bbox 1105 2721 1139 2758; x_wconf 95' lang='lat' dir='ltr'>eo</span> <span class='ocrx_word' id='word_1_238' title='bbox 1176 2705 1232 2758; x_wconf 84' lang='lat' dir='ltr'>fuit</span> 
     </span>
     <span class='ocr_line' id='line_1_27' title="bbox 108 2763 1232 2842; baseline 0.008 -25"><span class='ocrx_word' id='word_1_239' title='bbox 108 2768 163 2818; x_wconf 84' lang='lat' dir='ltr'>bus</span> <span class='ocrx_word' id='word_1_240' title='bbox 197 2767 359 2818; x_wconf 76' lang='lat' dir='ltr'>scissamo</span> <span class='ocrx_word' id='word_1_241' title='bbox 387 2769 445 2820; x_wconf 88' lang='lat' dir='ltr'>diei</span> <span class='ocrx_word' id='word_1_242' title='bbox 472 2763 575 2820; x_wconf 81' lang='lat' dir='ltr'>solitus</span> <span class='ocrx_word' id='word_1_243' title='bbox 601 2776 653 2833; x_wconf 86' lang='lat' dir='ltr'>est,</span> <span class='ocrx_word' id='word_1_244' title='bbox 688 2769 821 2834; x_wconf 87' lang='lat' dir='ltr'>templum</span> <span class='ocrx_word' id='word_1_245' title='bbox 832 2768 1232 2842; x_wconf 82' lang='lat' dir='ltr'>DianaeDictynnae‚quam·</span> 
     </span>
     <span class='ocr_line' id='line_1_28' title="bbox 109 2835 1234 2904; baseline 0.009 -19"><span class='ocrx_word' id='word_1_246' title='bbox 109 2837 229 2902; x_wconf 90' lang='lat' dir='ltr'>proprie</span> <span class='ocrx_word' id='word_1_247' title='bbox 249 2835 353 2887; x_wconf 86' lang='lat' dir='ltr'>dictum</span> <span class='ocrx_word' id='word_1_248' title='bbox 374 2852 436 2889; x_wconf 89' lang='lat' dir='ltr'>esse</span> <span class='ocrx_word' id='word_1_249' title='bbox 456 2837 652 2903; x_wconf 87' lang='lat' dir='ltr'>Myrtilon.</span> <span class='ocrx_word' id='word_1_250' title='bbox 688 2838 785 2887; x_wconf 91' lang='lat' dir='ltr'>obrem</span> <span class='ocrx_word' id='word_1_251' title='bbox 811 2839 895 2887; x_wconf 88' lang='lat' dir='ltr'>etiam</span> <span class='ocrx_word' id='word_1_252' title='bbox 928 2843 1152 2904; x_wconf 68' lang='lat' dir='ltr'>promontorium</span> <span class='ocrx_word' id='word_1_253' title='bbox 1185 2844 1234 2896; x_wconf 84' lang='lat' dir='ltr'>rel</span> 
     </span>
    </p>

    <p class='ocr_par' dir='ltr' id='par_1_6' title="bbox 73 2901 1255 3517">
     <span class='ocr_line' id='line_1_29' title="bbox 144 2901 1233 2973; baseline 0.009 -19"><span class='ocrx_word' id='word_1_254' title='bbox 144 2903 172 2966; x_wconf 75' lang='grc'>1)</span> <span class='ocrx_word' id='word_1_255' title='bbox 230 2901 332 2954; x_wconf 86' lang='lat' dir='ltr'>Strabo</span> <span class='ocrx_word' id='word_1_256' title='bbox 368 2906 541 2958; x_wconf 91' lang='lat' dir='ltr'>mentionem</span> <span class='ocrx_word' id='word_1_257' title='bbox 583 2904 654 2956; x_wconf 85' lang='lat' dir='ltr'>iacit</span> <span class='ocrx_word' id='word_1_258' title='bbox 688 2911 763 2955; x_wconf 87' lang='lat' dir='ltr'>certe</span> <span class='ocrx_word' id='word_1_259' title='bbox 782 2919 877 2967; x_wconf 84' lang='lat' dir='ltr'>orons,</span> <span class='ocrx_word' id='word_1_260' title='bbox 896 2907 1000 2972; x_wconf 85' lang='lat' dir='ltr'>quaid</span> <span class='ocrx_word' id='word_1_261' title='bbox 1020 2915 1147 2973; x_wconf 88' lang='lat' dir='ltr'>constat,</span> <span class='ocrx_word' id='word_1_262' title='bbox 1176 2911 1233 2963; x_wconf 89' lang='lat' dir='ltr'>Di·</span> 
     </span>
     <span class='ocr_line' id='line_1_30' title="bbox 111 2971 1231 3042; baseline 0.008 -18"><span class='ocrx_word' id='word_1_263' title='bbox 111 2971 653 3042; x_wconf 70' lang='lat' dir='ltr'>montis&#39;l‘ityr·i,utquiadedoniarn</span> <span class='ocrx_word' id='word_1_264' title='bbox 688 2977 902 3038; x_wconf 88' lang='lat' dir='ltr'>ctynnaeus</span> <span class='ocrx_word' id='word_1_265' title='bbox 943 2974 999 3025; x_wconf 89' lang='lat' dir='ltr'>dici</span> <span class='ocrx_word' id='word_1_266' title='bbox 1040 2978 1142 3030; x_wconf 89' lang='lat' dir='ltr'>solitus</span> <span class='ocrx_word' id='word_1_267' title='bbox 1179 2987 1231 3034; x_wconf 87' lang='lat' dir='ltr'>est.</span> 
     </span>
     <span class='ocr_line' id='line_1_31' title="bbox 110 3035 1233 3110; baseline 0.01 -20"><span class='ocrx_word' id='word_1_268' title='bbox 110 3035 183 3090; x_wconf 74' lang='lat' dir='ltr'>iulus</span> <span class='ocrx_word' id='word_1_269' title='bbox 201 3039 256 3102; x_wconf 86' lang='lat' dir='ltr'>sit,</span> <span class='ocrx_word' id='word_1_270' title='bbox 280 3041 309 3090; x_wconf 93' lang='lat' dir='ltr'>in</span> <span class='ocrx_word' id='word_1_271' title='bbox 328 3055 440 3109; x_wconf 89' lang='lat' dir='ltr'>quoque</span> <span class='ocrx_word' id='word_1_272' title='bbox 459 3043 497 3093; x_wconf 90' lang='lat' dir='ltr'>sit</span> <span class='ocrx_word' id='word_1_273' title='bbox 514 3039 652 3110; x_wconf 87' lang='lat' dir='ltr'>templum</span> <span class='ocrx_word' id='word_1_274' title='bbox 688 3041 756 3092; x_wconf 81' lang='lat' dir='ltr'>Cum</span> <span class='ocrx_word' id='word_1_275' title='bbox 771 3040 908 3108; x_wconf 83' lang='lat' dir='ltr'>reliquiae</span> <span class='ocrx_word' id='word_1_276' title='bbox 921 3047 1064 3096; x_wconf 80' lang='lat' dir='ltr'>testentur</span> <span class='ocrx_word' id='word_1_277' title='bbox 1075 3047 1148 3099; x_wconf 90' lang='lat' dir='ltr'>illud</span> <span class='ocrx_word' id='word_1_278' title='bbox 1163 3051 1233 3100; x_wconf 86' lang='lat' dir='ltr'>tcm-</span> 
     </span>
     <span class='ocr_line' id='line_1_32' title="bbox 73 3108 1233 3180; baseline 0.008 -21"><span class='ocrx_word' id='word_1_279' title='bbox 73 3137 76 3142; x_wconf 91' lang='lat'><em>·</em></span> <span class='ocrx_word' id='word_1_280' title='bbox 109 3109 221 3160; x_wconf 84' lang='lat' dir='ltr'>Dianae</span> <span class='ocrx_word' id='word_1_281' title='bbox 237 3108 414 3172; x_wconf 77' lang='lat' dir='ltr'>Dictynnae.</span> <span class='ocrx_word' id='word_1_282' title='bbox 449 3111 486 3160; x_wconf 83' lang='lat' dir='ltr'>At</span> <span class='ocrx_word' id='word_1_283' title='bbox 516 3126 584 3162; x_wconf 90' lang='lat' dir='ltr'>vero</span> <span class='ocrx_word' id='word_1_284' title='bbox 611 3119 652 3162; x_wconf 91' lang='lat' dir='ltr'>et·</span> <span class='ocrx_word' id='word_1_285' title='bbox 688 3109 766 3175; x_wconf 92' lang='lat' dir='ltr'>plum</span> <span class='ocrx_word' id='word_1_286' title='bbox 793 3109 947 3178; x_wconf 86' lang='lat' dir='ltr'>urbemque</span> <span class='ocrx_word' id='word_1_287' title='bbox 966 3111 1056 3165; x_wconf 80' lang='lat' dir='ltr'>fuisse</span> <span class='ocrx_word' id='word_1_288' title='bbox 1073 3115 1109 3166; x_wconf 90' lang='lat' dir='ltr'>ad</span> <span class='ocrx_word' id='word_1_289' title='bbox 1128 3116 1233 3180; x_wconf 88' lang='lat' dir='ltr'>vicum,</span> 
     </span>
     <span class='ocr_line' id='line_1_33' title="bbox 110 3174 1255 3252; baseline 0.004 -27"><span class='ocrx_word' id='word_1_290' title='bbox 110 3177 169 3226; x_wconf 85' lang='lat' dir='ltr'>iarn</span> <span class='ocrx_word' id='word_1_291' title='bbox 195 3177 437 3244; x_wconf 88' lang='lat' dir='ltr'>promontorium,</span> <span class='ocrx_word' id='word_1_292' title='bbox 469 3179 544 3244; x_wconf 89' lang='lat' dir='ltr'>quod</span> <span class='ocrx_word' id='word_1_293' title='bbox 578 3177 652 3230; x_wconf 83' lang='lat' dir='ltr'>haud</span> <span class='ocrx_word' id='word_1_294' title='bbox 688 3178 738 3242; x_wconf 92' lang='lat' dir='ltr'>qui</span> <span class='ocrx_word' id='word_1_295' title='bbox 773 3174 857 3229; x_wconf 85' lang='lat' dir='ltr'>hodie</span> <span class='ocrx_word' id='word_1_296' title='bbox 900 3179 1006 3230; x_wconf 88' lang='lat' dir='ltr'>dicitur</span> <span class='ocrx_word' id='word_1_297' title='bbox 1040 3186 1255 3252; x_wconf 79' lang='grc' dir='ltr'>Καγγιλιηρες,.</span> 
     </span>
     <span class='ocr_line' id='line_1_34' title="bbox 112 3241 1233 3310; baseline 0.009 -16"><span class='ocrx_word' id='word_1_298' title='bbox 112 3241 654 3309; x_wconf 80' lang='lat' dir='ltr'>dubiebrachiumlityriest‚itadi·</span> <span class='ocrx_word' id='word_1_299' title='bbox 689 3250 808 3310; x_wconf 87' lang='lat' dir='ltr'>apparet</span> <span class='ocrx_word' id='word_1_300' title='bbox 842 3260 1000 3298; x_wconf 87' lang='lat' dir='ltr'>mensuram</span> <span class='ocrx_word' id='word_1_301' title='bbox 1026 3245 1055 3300; x_wconf 87' lang='grc' dir='ltr'>π’</span> <span class='ocrx_word' id='word_1_302' title='bbox 1090 3267 1152 3303; x_wconf 87' lang='lat' dir='ltr'>esse</span> <span class='ocrx_word' id='word_1_303' title='bbox 1180 3251 1233 3304; x_wconf 83' lang='lat' dir='ltr'>ial-</span> 
     </span>
     <span class='ocr_line' id='line_1_35' title="bbox 112 3309 1234 3384; baseline -0.002 -22"><span class='ocrx_word' id='word_1_304' title='bbox 112 3317 186 3363; x_wconf 86' lang='lat' dir='ltr'>etum</span> <span class='ocrx_word' id='word_1_305' title='bbox 213 3327 291 3373; x_wconf 87' lang='lat' dir='ltr'>esse,</span> <span class='ocrx_word' id='word_1_306' title='bbox 319 3327 370 3362; x_wconf 90' lang='lat' dir='ltr'>nec</span> <span class='ocrx_word' id='word_1_307' title='bbox 388 3313 457 3364; x_wconf 82' lang='lat' dir='ltr'>&lt;licit</span> <span class='ocrx_word' id='word_1_308' title='bbox 475 3312 655 3384; x_wconf 82' lang='lat' dir='ltr'>geographus</span> <span class='ocrx_word' id='word_1_309' title='bbox 689 3327 756 3364; x_wconf 76' lang='lat' dir='ltr'>sant.</span> <span class='ocrx_word' id='word_1_310' title='bbox 777 3313 907 3364; x_wconf 78' lang='lat' dir='ltr'>Ceterum</span> <span class='ocrx_word' id='word_1_311' title='bbox 924 3328 974 3380; x_wconf 89' lang='lat' dir='ltr'>pro</span> <span class='ocrx_word' id='word_1_312' title='bbox 994 3309 1081 3384; x_wconf 74' lang='grc' dir='ltr'><em>ὅρμος</em></span> <span class='ocrx_word' id='word_1_313' title='bbox 1099 3315 1174 3372; x_wconf 75' lang='grc' dir='ltr'><strong><em>ἐστὶν</em></strong></span> <span class='ocrx_word' id='word_1_314' title='bbox 1191 3320 1234 3372; x_wconf 84' lang='lat' dir='ltr'>ul.</span> 
     </span>
     <span class='ocr_line' id='line_1_36' title="bbox 111 3376 1235 3456; baseline 0.009 -25"><span class='ocrx_word' id='word_1_315' title='bbox 111 3387 141 3431; x_wconf 87' lang='lat' dir='ltr'>et</span> <span class='ocrx_word' id='word_1_316' title='bbox 158 3379 189 3430; x_wconf 87' lang='lat' dir='ltr'>id</span> <span class='ocrx_word' id='word_1_317' title='bbox 207 3379 297 3446; x_wconf 90' lang='lat' dir='ltr'>ipsum</span> <span class='ocrx_word' id='word_1_318' title='bbox 323 3396 340 3430; x_wconf 90' lang='lat' dir='ltr'>a</span> <span class='ocrx_word' id='word_1_319' title='bbox 366 3379 529 3434; x_wconf 87' lang='lat' dir='ltr'>Ptolemaeo</span> <span class='ocrx_word' id='word_1_320' title='bbox 559 3379 656 3436; x_wconf 81' lang='grc' dir='ltr'>Ψοὶιιοο</span> <span class='ocrx_word' id='word_1_321' title='bbox 708 3376 796 3445; x_wconf 88' lang='grc' dir='ltr'>ιοιλὸς,</span> <span class='ocrx_word' id='word_1_322' title='bbox 832 3382 1011 3434; x_wconf 87' lang='lat' dir='ltr'>scribendum</span> <span class='ocrx_word' id='word_1_323' title='bbox 1048 3392 1105 3438; x_wconf 85' lang='lat' dir='ltr'>est:</span> <span class='ocrx_word' id='word_1_324' title='bbox 1147 3380 1235 3456; x_wconf 81' lang='grc' dir='ltr'><em>ὅρμος</em></span> 
     </span>
     <span class='ocr_line' id='line_1_37' title="bbox 111 3399 982 3517; baseline 0.007 -19"><span class='ocrx_word' id='word_1_325' title='bbox 111 3448 231 3510; x_wconf 86' lang='lat' dir='ltr'>dicitur,</span> <span class='ocrx_word' id='word_1_326' title='bbox 258 3448 333 3516; x_wconf 86' lang='lat' dir='ltr'>quod</span> <span class='ocrx_word' id='word_1_327' title='bbox 351 3455 524 3516; x_wconf 83' lang='lat' dir='ltr'>postremum</span> <span class='ocrx_word' id='word_1_328' title='bbox 540 3452 655 3503; x_wconf 82' lang='lat' dir='ltr'>verbum</span> <span class='ocrx_word' id='word_1_329' title='bbox 690 3399 749 3502; x_wconf 60' lang='grc' dir='ltr'>Ξοτὶ</span> <span class='ocrx_word' id='word_1_330' title='bbox 765 3446 827 3502; x_wconf 82' lang='grc' dir='ltr'>κοιλ</span> <span class='ocrx_word' id='word_1_331' title='bbox 845 3449 982 3517; x_wconf 81' lang='grc' dir='ltr'><strong><em>αἰγιαλός.</em></strong></span> 
     </span>
    </p>

    <p class='ocr_par' dir='ltr' id='par_1_7' title="bbox 66 3513 1235 4133">
     <span class='ocr_line' id='line_1_38' title="bbox 66 3513 1233 3578; baseline 0.005 -11"><span class='ocrx_word' id='word_1_332' title='bbox 66 3513 70 3518; x_wconf 83' lang='grc'><strong>’</strong></span> <span class='ocrx_word' id='word_1_333' title='bbox 113 3532 175 3568; x_wconf 86' lang='lat' dir='ltr'>eum</span> <span class='ocrx_word' id='word_1_334' title='bbox 203 3531 219 3566; x_wconf 86' lang='lat' dir='ltr'>a</span> <span class='ocrx_word' id='word_1_335' title='bbox 243 3515 360 3567; x_wconf 85' lang='lat' dir='ltr'>Graecis</span> <span class='ocrx_word' id='word_1_336' title='bbox 385 3515 552 3570; x_wconf 82' lang='lat' dir='ltr'>inferiorum</span> <span class='ocrx_word' id='word_1_337' title='bbox 577 3527 655 3572; x_wconf 85' lang='lat' dir='ltr'>aeta·</span> <span class='ocrx_word' id='word_1_338' title='bbox 723 3519 752 3578; x_wconf 83' lang='lat'>2)</span> <span class='ocrx_word' id='word_1_339' title='bbox 788 3517 853 3568; x_wconf 86' lang='lat' dir='ltr'>Hoc</span> <span class='ocrx_word' id='word_1_340' title='bbox 870 3532 971 3572; x_wconf 88' lang='lat' dir='ltr'>nomen</span> <span class='ocrx_word' id='word_1_341' title='bbox 988 3521 1098 3573; x_wconf 83' lang='lat' dir='ltr'>insulae</span> <span class='ocrx_word' id='word_1_342' title='bbox 1116 3521 1233 3573; x_wconf 89' lang='lat' dir='ltr'>anullo</span> 
     </span>
     <span class='ocr_line' id='line_1_39' title="bbox 112 3583 1234 3656; baseline 0.008 -23"><span class='ocrx_word' id='word_1_343' title='bbox 112 3592 168 3634; x_wconf 84' lang='lat' dir='ltr'>tum</span> <span class='ocrx_word' id='word_1_344' title='bbox 188 3590 327 3656; x_wconf 68' lang='lat' dir='ltr'>mutatum</span> <span class='ocrx_word' id='word_1_345' title='bbox 348 3593 423 3637; x_wconf 86' lang='lat' dir='ltr'>esset</span> <span class='ocrx_word' id='word_1_346' title='bbox 445 3588 474 3637; x_wconf 90' lang='lat' dir='ltr'>in</span> <span class='ocrx_word' id='word_1_347' title='bbox 500 3583 597 3650; x_wconf 75' lang='grc' dir='ltr'>Ψολιιοι,</span> <span class='ocrx_word' id='word_1_348' title='bbox 624 3588 654 3639; x_wconf 92' lang='lat' dir='ltr'>id</span> <span class='ocrx_word' id='word_1_349' title='bbox 689 3587 826 3652; x_wconf 84' lang='lat' dir='ltr'>scriptore</span> <span class='ocrx_word' id='word_1_350' title='bbox 851 3595 1098 3652; x_wconf 86' lang='lat' dir='ltr'>commemoratur,</span> <span class='ocrx_word' id='word_1_351' title='bbox 1128 3590 1179 3642; x_wconf 88' lang='lat' dir='ltr'>sed</span> <span class='ocrx_word' id='word_1_352' title='bbox 1203 3589 1234 3641; x_wconf 87' lang='lat' dir='ltr'>id</span> 
     </span>
     <span class='ocr_line' id='line_1_40' title="bbox 111 3653 1234 3720; baseline 0.006 -16"><span class='ocrx_word' id='word_1_353' title='bbox 111 3653 226 3714; x_wconf 86' lang='lat' dir='ltr'>Veneti,</span> <span class='ocrx_word' id='word_1_354' title='bbox 248 3668 311 3702; x_wconf 91' lang='lat' dir='ltr'>cum</span> <span class='ocrx_word' id='word_1_355' title='bbox 331 3669 448 3720; x_wconf 88' lang='lat' dir='ltr'>regnum</span> <span class='ocrx_word' id='word_1_356' title='bbox 467 3657 569 3708; x_wconf 84' lang='lat' dir='ltr'>Cretae</span> <span class='ocrx_word' id='word_1_357' title='bbox 583 3655 655 3706; x_wconf 90' lang='lat' dir='ltr'>obti-</span> <span class='ocrx_word' id='word_1_358' title='bbox 689 3660 766 3705; x_wconf 87' lang='lat' dir='ltr'>recte</span> <span class='ocrx_word' id='word_1_359' title='bbox 783 3669 813 3706; x_wconf 84' lang='lat' dir='ltr'>se</span> <span class='ocrx_word' id='word_1_360' title='bbox 833 3653 946 3718; x_wconf 88' lang='lat' dir='ltr'>habere,</span> <span class='ocrx_word' id='word_1_361' title='bbox 964 3657 1091 3711; x_wconf 84' lang='lat' dir='ltr'>dubitati</span> <span class='ocrx_word' id='word_1_362' title='bbox 1111 3673 1168 3709; x_wconf 90' lang='lat' dir='ltr'>non</span> <span class='ocrx_word' id='word_1_363' title='bbox 1187 3658 1234 3711; x_wconf 88' lang='lat' dir='ltr'>de·</span> 
     </span>
     <span class='ocr_line' id='line_1_41' title="bbox 113 3722 1235 3789; baseline 0.007 -19"><span class='ocrx_word' id='word_1_364' title='bbox 113 3727 228 3781; x_wconf 89' lang='lat' dir='ltr'>nerent,</span> <span class='ocrx_word' id='word_1_365' title='bbox 253 3722 284 3770; x_wconf 89' lang='lat' dir='ltr'>in</span> <span class='ocrx_word' id='word_1_366' title='bbox 307 3722 423 3773; x_wconf 81' lang='lat' dir='ltr'>verbum</span> <span class='ocrx_word' id='word_1_367' title='bbox 448 3723 576 3789; x_wconf 85' lang='lat' dir='ltr'>ipsorum</span> <span class='ocrx_word' id='word_1_368' title='bbox 602 3725 656 3775; x_wconf 93' lang='lat' dir='ltr'>lin·</span> <span class='ocrx_word' id='word_1_369' title='bbox 689 3722 747 3774; x_wconf 88' lang='lat' dir='ltr'>bet.</span> <span class='ocrx_word' id='word_1_370' title='bbox 784 3723 906 3776; x_wconf 87' lang='lat' dir='ltr'>lnsulam</span> <span class='ocrx_word' id='word_1_371' title='bbox 926 3729 1021 3777; x_wconf 87' lang='lat' dir='ltr'>autem</span> <span class='ocrx_word' id='word_1_372' title='bbox 1046 3741 1106 3776; x_wconf 87' lang='lat' dir='ltr'>eam</span> <span class='ocrx_word' id='word_1_373' title='bbox 1126 3724 1235 3788; x_wconf 83' lang='lat' dir='ltr'>intelli·</span> 
     </span>
     <span class='ocr_line' id='line_1_42' title="bbox 113 3788 1234 3861; baseline 0.008 -23"><span class='ocrx_word' id='word_1_374' title='bbox 113 3804 187 3857; x_wconf 83' lang='lat' dir='ltr'>guae</span> <span class='ocrx_word' id='word_1_375' title='bbox 210 3788 342 3853; x_wconf 84' lang='lat' dir='ltr'>spada,</span> <span class='ocrx_word' id='word_1_376' title='bbox 376 3790 468 3841; x_wconf 86' lang='lat' dir='ltr'>idest</span> <span class='ocrx_word' id='word_1_377' title='bbox 491 3791 653 3859; x_wconf 85' lang='lat' dir='ltr'>gladius,</span> <span class='ocrx_word' id='word_1_378' title='bbox 689 3791 809 3858; x_wconf 84' lang='lat' dir='ltr'>gandam</span> <span class='ocrx_word' id='word_1_379' title='bbox 840 3807 917 3855; x_wconf 85' lang='lat' dir='ltr'>esse,</span> <span class='ocrx_word' id='word_1_380' title='bbox 953 3809 1026 3861; x_wconf 89' lang='lat' dir='ltr'>quae</span> <span class='ocrx_word' id='word_1_381' title='bbox 1053 3792 1138 3847; x_wconf 89' lang='lat' dir='ltr'>hodie</span> <span class='ocrx_word' id='word_1_382' title='bbox 1162 3795 1234 3848; x_wconf 83' lang='lat' dir='ltr'>San</span> 
     </span>
     <span class='ocr_line' id='line_1_43' title="bbox 114 3857 1235 3932; baseline 0.005 -26"><span class='ocrx_word' id='word_1_383' title='bbox 114 3862 301 3908; x_wconf 79' lang='lat' dir='ltr'>mutaverunt.</span> <span class='ocrx_word' id='word_1_384' title='bbox 343 3857 416 3909; x_wconf 90' lang='lat' dir='ltr'>Num</span> <span class='ocrx_word' id='word_1_385' title='bbox 442 3874 511 3911; x_wconf 84' lang='lat' dir='ltr'>vero</span> <span class='ocrx_word' id='word_1_386' title='bbox 535 3859 657 3927; x_wconf 77' lang='grc' dir='ltr'><em>Τίτορος</em></span> <span class='ocrx_word' id='word_1_387' title='bbox 690 3859 864 3912; x_wconf 76' lang='grc' dir='ltr'>Τοοιλοοο</span> <span class='ocrx_word' id='word_1_388' title='bbox 891 3860 1009 3926; x_wconf 87' lang='lat' dir='ltr'>dieitur,</span> <span class='ocrx_word' id='word_1_389' title='bbox 1045 3863 1107 3929; x_wconf 91' lang='lat' dir='ltr'>quis</span> <span class='ocrx_word' id='word_1_390' title='bbox 1130 3862 1235 3932; x_wconf 77' lang='lat' dir='ltr'>negetl</span> 
     </span>
     <span class='ocr_line' id='line_1_44' title="bbox 111 3919 1235 3996; baseline 0.009 -23"><span class='ocrx_word' id='word_1_391' title='bbox 111 3919 264 3991; x_wconf 74' lang='lat' dir='ltr'>proTo&#39;poe</span> <span class='ocrx_word' id='word_1_392' title='bbox 277 3925 502 3979; x_wconf 82' lang='lat' dir='ltr'>substituendum</span> <span class='ocrx_word' id='word_1_393' title='bbox 518 3929 565 3989; x_wconf 88' lang='lat' dir='ltr'>sit,</span> <span class='ocrx_word' id='word_1_394' title='bbox 581 3928 656 3996; x_wconf 92' lang='lat' dir='ltr'>quod</span> <span class='ocrx_word' id='word_1_395' title='bbox 690 3928 724 3980; x_wconf 92' lang='lat' dir='ltr'>ld</span> <span class='ocrx_word' id='word_1_396' title='bbox 750 3936 843 3980; x_wconf 89' lang='lat' dir='ltr'>autem</span> <span class='ocrx_word' id='word_1_397' title='bbox 868 3930 990 3982; x_wconf 90' lang='lat' dir='ltr'>nominis</span> <span class='ocrx_word' id='word_1_398' title='bbox 1016 3931 1128 3982; x_wconf 84' lang='lat' dir='ltr'>ridetur</span> <span class='ocrx_word' id='word_1_399' title='bbox 1151 3931 1235 3984; x_wconf 80' lang='lat' dir='ltr'>nobis</span> 
     </span>
     <span class='ocr_line' id='line_1_45' title="bbox 112 3994 1234 4067; baseline 0.008 -25"><span class='ocrx_word' id='word_1_400' title='bbox 112 3994 204 4059; x_wconf 87' lang='lat' dir='ltr'>ipsum</span> <span class='ocrx_word' id='word_1_401' title='bbox 229 4006 342 4060; x_wconf 91' lang='lat' dir='ltr'>quoque</span> <span class='ocrx_word' id='word_1_402' title='bbox 366 3996 396 4046; x_wconf 90' lang='lat' dir='ltr'>in</span> <span class='ocrx_word' id='word_1_403' title='bbox 423 3997 519 4047; x_wconf 86' lang='lat' dir='ltr'>multis</span> <span class='ocrx_word' id='word_1_404' title='bbox 540 3996 656 4048; x_wconf 89' lang='lat' dir='ltr'>Strabo·</span> <span class='ocrx_word' id='word_1_405' title='bbox 690 3997 802 4048; x_wconf 86' lang='lat' dir='ltr'>insulae</span> <span class='ocrx_word' id='word_1_406' title='bbox 828 3996 924 4048; x_wconf 85' lang='lat' dir='ltr'>datum</span> <span class='ocrx_word' id='word_1_407' title='bbox 953 4013 1015 4050; x_wconf 88' lang='lat' dir='ltr'>esse</span> <span class='ocrx_word' id='word_1_408' title='bbox 1041 4005 1158 4067; x_wconf 87' lang='lat' dir='ltr'>propter</span> <span class='ocrx_word' id='word_1_409' title='bbox 1174 3997 1234 4051; x_wconf 82' lang='lat' dir='ltr'>ior·</span> 
     </span>
     <span class='ocr_line' id='line_1_46' title="bbox 112 4061 1233 4133; baseline 0.007 -23"><span class='ocrx_word' id='word_1_410' title='bbox 112 4061 156 4110; x_wconf 82' lang='lat' dir='ltr'>nis</span> <span class='ocrx_word' id='word_1_411' title='bbox 181 4061 325 4127; x_wconf 86' lang='lat' dir='ltr'>reperitur</span> <span class='ocrx_word' id='word_1_412' title='bbox 352 4064 512 4126; x_wconf 86' lang='lat' dir='ltr'>codicibus,</span> <span class='ocrx_word' id='word_1_413' title='bbox 538 4063 656 4116; x_wconf 85' lang='lat' dir='ltr'>difficile</span> <span class='ocrx_word' id='word_1_414' title='bbox 691 4080 761 4116; x_wconf 89' lang='lat' dir='ltr'>mam</span> <span class='ocrx_word' id='word_1_415' title='bbox 777 4065 937 4133; x_wconf 86' lang='lat' dir='ltr'>oblongam.</span> <span class='ocrx_word' id='word_1_416' title='bbox 959 4067 1185 4120; x_wconf 84' lang='lat' dir='ltr'>Errantreroet</span> <span class='ocrx_word' id='word_1_417' title='bbox 1201 4068 1233 4130; x_wconf 91' lang='lat' dir='ltr'>ii,</span> 
     </span>
    </p>
   </div>
   <div class='ocr_carea' id='block_1_5' title="bbox 18 4128 1233 4201">
    <p class='ocr_par' dir='ltr' id='par_1_8' title="bbox 18 4128 1233 4201">
     <span class='ocr_line' id='line_1_47' title="bbox 18 4128 1233 4201; baseline 0.008 -23"><span class='ocrx_word' id='word_1_418' title='bbox 18 4169 20 4178; x_wconf 35' lang='lat' dir='ltr'>r</span> <span class='ocrx_word' id='word_1_419' title='bbox 112 4128 350 4180; x_wconf 84' lang='lat' dir='ltr'>ad.statuendunr</span> <span class='ocrx_word' id='word_1_420' title='bbox 376 4141 435 4193; x_wconf 86' lang='lat' dir='ltr'>est,</span> <span class='ocrx_word' id='word_1_421' title='bbox 461 4148 524 4184; x_wconf 88' lang='lat' dir='ltr'>nam</span> <span class='ocrx_word' id='word_1_422' title='bbox 543 4132 656 4184; x_wconf 86' lang='lat' dir='ltr'>facilius</span> <span class='ocrx_word' id='word_1_423' title='bbox 692 4134 1233 4201; x_wconf 85' lang='lat' dir='ltr'>quiputanteamaveteribusdlctarn</span> 
     </span>
    </p>
   </div>
   <div class='ocr_carea' id='block_1_6' title="bbox 115 4195 1234 4352">
    <p class='ocr_par' dir='ltr' id='par_1_9' title="bbox 115 4195 1234 4352">
     <span class='ocr_line' id='line_1_48' title="bbox 115 4195 1233 4272; baseline 0.006 -25"><span class='ocrx_word' id='word_1_424' title='bbox 115 4195 236 4264; x_wconf 83' lang='grc' dir='ltr'><em>Τλτορος</em></span> <span class='ocrx_word' id='word_1_425' title='bbox 268 4197 445 4250; x_wconf 89' lang='lat' dir='ltr'>librariorum</span> <span class='ocrx_word' id='word_1_426' title='bbox 481 4201 591 4252; x_wconf 89' lang='lat' dir='ltr'>incuria</span> <span class='ocrx_word' id='word_1_427' title='bbox 626 4201 656 4252; x_wconf 92' lang='lat' dir='ltr'>in</span> <span class='ocrx_word' id='word_1_428' title='bbox 692 4217 754 4253; x_wconf 85' lang='lat' dir='ltr'>csse</span> <span class='ocrx_word' id='word_1_429' title='bbox 775 4201 937 4264; x_wconf 83' lang='lat' dir='ltr'>Leucen,</span> <span class='ocrx_word' id='word_1_430' title='bbox 956 4209 986 4255; x_wconf 91' lang='lat' dir='ltr'>et</span> <span class='ocrx_word' id='word_1_431' title='bbox 1005 4201 1164 4270; x_wconf 87' lang='lat' dir='ltr'>Pashlejus,</span> <span class='ocrx_word' id='word_1_432' title='bbox 1183 4205 1233 4272; x_wconf 89' lang='lat' dir='ltr'>qui</span> 
     </span>
     <span class='ocr_line' id='line_1_49' title="bbox 116 4259 1234 4352; baseline 0.011 -38"><span class='ocrx_word' id='word_1_433' title='bbox 116 4259 208 4330; x_wconf 77' lang='grc' dir='ltr'><em>Τύρος</em></span> <span class='ocrx_word' id='word_1_434' title='bbox 234 4267 338 4352; x_wconf 67' lang='lat' dir='ltr'>mutari</span> <span class='ocrx_word' id='word_1_435' title='bbox 360 4269 453 4333; x_wconf 86' lang='lat' dir='ltr'>potuit</span> <span class='ocrx_word' id='word_1_436' title='bbox 477 4259 560 4337; x_wconf 79' lang='lat' dir='ltr'>quam</span> <span class='ocrx_word' id='word_1_437' title='bbox 590 4283 656 4320; x_wconf 90' lang='lat' dir='ltr'>eon·</span> <span class='ocrx_word' id='word_1_438' title='bbox 690 4269 856 4321; x_wconf 88' lang='lat' dir='ltr'>utramlibet</span> <span class='ocrx_word' id='word_1_439' title='bbox 871 4269 1062 4336; x_wconf 91' lang='lat' dir='ltr'>Budroarum,</span> <span class='ocrx_word' id='word_1_440' title='bbox 1076 4288 1144 4341; x_wconf 84' lang='lat' dir='ltr'>quas</span> <span class='ocrx_word' id='word_1_441' title='bbox 1160 4287 1234 4326; x_wconf 88' lang='lat' dir='ltr'>com·</span> 
     </span>
    </p>
   </div>
   <div class='ocr_carea' id='block_1_7' title="bbox 0 0 1446 4814">
    <p class='ocr_par' dir='ltr' id='par_1_10' title="bbox 0 0 1446 4814">
     <span class='ocr_line' id='line_1_50' title="bbox 0 0 1446 4814; baseline 0 0"><span class='ocrx_word' id='word_1_442' title='bbox 0 0 1446 4814; x_wconf 95' lang='lat' dir='ltr'> </span> 
     </span>
    </p>
   </div>
  </div>
 </body>
</html>
