2872 4814
235 345 299 422 250
444 339 735 405 ΣΤΑΔΙΑΣΜΟΣ
751 337 861 400 HTOI
878 337 1138 398 ΠΕΡΙΠΑΟΤΣ

237 530 293 596 dou
314 525 358 606 εἰς
382 524 497 592 Τι’λοοι
522 526 604 595 used.
624 519 684 606 ον’.
704 518 779 587 ssed
800 520 1026 588 Aenereidorv²
1051 520 1102 586 issi
1123 516 1157 585 sd
1181 519 1347 586 Heteidsor

237 694 286 754 dis
300 695 366 754 820.
389 689 531 752 ERhodo
546 689 693 750 sdTilum
712 688 808 748 stadia
827 687 891 748 550.
912 687 1114 766 direptrtaleis
1134 687 1173 746 ed
1192 687 1346 747 Posidium

237 888 290 944 pro
331 887 387 942 quo
429 867 565 940 Νήοοοον
601 868 775 936 scripsimus.
809 873 869 920 tum
887 865 1130 935 illius'quondam
1154 867 1214 918 inte
1236 881 1284 920 ree
1307 867 1349 926 iu·¹

236 941 317 1010 Apud
338 941 505 995 Strabonem
523 939 649 1007 plerique
663 937 775 989 cedices
808 937 887 990 sulae
906 935 995 988 rideri
1015 943 1119 1002 posset,
1140 952 1196 1003 quo
1245 952 1279 988 oc
1303 952 1349 988 ac·

237 1011 544 1076 videnturscripturam
553 1003 787 1076 Nquopegtueri,
810 1004 895 1066 cedit,
921 1012 953 1054 ut
978 1004 1072 1070 plures
1097 1003 1149 1055 alii
1170 1005 1282 1071 scopuli
1304 1005 1350 1056 ito

238 1093 408 1148 quemquam
437 1093 454 1129 a
480 1074 659 1129 Tuschuckio
687 1075 776 1128 Niso·
809 1077 838 1125 in
864 1073 970 1124 uicinia
995 1071 1092 1123 harum
1119 1073 1278 1124 insularum
1301 1073 1350 1123 siti

238 1166 288 1216 ρος
305 1156 448 1214 receptum
469 1151 521 1197 est.
551 1145 644 1196 Etiam
658 1142 776 1194 codices
810 1145 882 1205 sint,
906 1149 938 1192 ut
962 1137 992 1191 hi
1010 1155 1122 1208 quoque
1149 1148 1246 1208 partes
1272 1141 1350 1193 ride-

236 1214 403 1284 Apollodori
429 1221 459 1267 et
484 1211 618 1279 Stephani
644 1212 777 1263 videntur
811 1224 896 1265 nntur
919 1225 981 1261 esse
999 1209 1137 1275 pristinae
1164 1225 1284 1278 magnae
1307 1210 1350 1262 in·

237 1282 439 1350 noancopov,
454 1277 647 1350 οοᾱΝήσοοον
661 1279 774 1341 babere,
810 1283 897 1334 sulae.
935 1277 992 1330 Sed
1016 1276 1087 1330 haec
1111 1277 1281 1346 disceptatio
1306 1283 1352 1330 est

238 1366 407 1422 quamquam
426 1350 461 1401 ab
485 1352 631 1418 utriusque
656 1349 775 1414 scripto·
809 1351 1003 1420 geologorum.

239 1423 280 1474 ris
298 1419 457 1472 editoribus
481 1426 632 1486 propterea
648 1417 777 1483 Νίσοοοο
846 1418 871 1486 l)
891 1419 1110 1469 llaecnrensura
1118 1415 1264 1479 praeclare
1272 1413 1350 1467 Stra·

239 1490 445 1556 scriptumest,
482 1485 776 1553 uodhaecseriptura
808 1487 884 1540 boue
908 1485 1105 1547 confirmatur,
1133 1483 1179 1549 qui
1207 1484 1308 1535 'l'elum
1333 1498 1352 1535 a

239 1566 271 1609 et
292 1557 322 1607 in
340 1556 427 1607 iliade
472 1555 556 1622 ,bili
569 1563 627 1619 est,
655 1562 684 1607 et
701 1552 776 1620 apud
811 1555 927 1609 chalcia
954 1561 1048 1604 autem
1081 1549 1251 1616 Carpathum
1284 1567 1350 1620 qua·

239 1624 433 1686 Herodotum,
454 1624 504 1677 lib.
524 1623 584 1677 Vll.
612 1640 635 1678 c.
661 1625 703 1677 lli.
723 1621 776 1674 Ne·
812 1626 976 1692 dringentn.
1001 1621 1061 1673 Nec
1079 1618 1211 1670 dissentit
1227 1617 1353 1684 Agathe·

239 1695 359 1756 scimus‚
399 1699 517 1760 utroque
556 1694 619 1745 loco
650 1692 778 1759 Nidoque
811 1709 905 1746 merus
928 1689 996 1742 haec
1022 1689 1133 1740 dicens:
1152 1681 1213 1746 ,Ἀπ’
1237 1688 1353 1752 Αλεξαν-

240 1765 359 1814 unicane
376 1762 518 1829 scriptura
535 1763 573 1813 sit
591 1779 626 1812 an
644 1763 730 1813 etiam
748 1761 777 1810 in
812 1761 909 1830 ὄρειος
934 1759 972 1821 εἰς
990 1757 1100 1810 Alebus
1122 1749 1222 1810 Ῥόδου
1249 1755 1353 1811 στάδια

241 1831 386 1899 aliquibus
411 1830 558 1881 codicibus
581 1826 714 1898 Νήοοοος
739 1827 778 1884 lev
811 1827 878 1902 ,δφῖ
897 1823 961 1881 Ἐπὶ
978 1821 1010 1880 τὸ
1026 1823 1168 1878 Θοοίντιον
1187 1821 1283 1892 δεξιὸν
1299 1843 1352 1878 πα·

240 1908 334 1968 gatur.
364 1899 399 1948 Ut
416 1905 509 1950 autem
526 1914 634 1967 cunque
654 1895 707 1950 hoc
725 1901 778 1958 est,
813 1893 965 1966 ροπλέονοι
981 1891 1080 1954 Ῥόδον
1096 1886 1200 1946 στάδιοι
1217 1891 1252 1948 ν’.
1288 1889 1352 1946 Ἐπὶ

240 1982 347 2036 iurgare
377 1979 433 2016 non
466 1966 608 2018 debebant
639 1967 695 2018 viri
730 1963 778 2015 do·
815 1963 911 2035 Τήιον
939 1959 1043 2018 στάδιοι
1074 1955 1128 2031 φξ.
1153 2009 1156 2016 Α
1177 1964 1353 2030 Quamquam

246 2039 302 2098 cti,
339 2050 356 2085 s
380 2033 521 2085 veteribus
551 2030 684 2103 Νὴοορος
717 2047 779 2085 esse
812 2027 1244 2101 numerusrlgathemeripaulo
1262 2031 1354 2082 nlaior

242 2103 366 2164 dictum,
398 2103 448 2155 sed
473 2105 652 2155 statuendum
686 2103 779 2170 potius
814 2119 895 2173 quarn
914 2101 997 2154 huius
1015 2099 1162 2168 scriptoris
1190 2100 1353 2152 existiman-

242 2179 301 2234 est,
319 2172 455 2236 scripturn
474 2187 536 2223 esse
560 2179 589 2224 et
606 2171 734 2240 Νίσορος
752 2176 781 2222 et
816 2177 869 2224 dus
888 2177 948 2234 est,
968 2185 1029 2221 cum
1051 2170 1101 2221 ille
1128 2167 1306 2221 o'l'hountio
1325 2168 1354 2218 iu

242 2236 388 2310 Νήοορος,
413 2256 474 2291 cunr
500 2241 528 2290 in
553 2240 691 2309 loquendo
717 2239 780 2292 lite·
814 2241 907 2294 Telon
926 2239 1020 2290 stadia
1038 2238 1168 2307 colligat.
1199 2238 1270 2290 Nam
1290 2252 1353 2288 cum

242 2323 293 2361 rae
310 2328 327 2377 η
346 2317 375 2360 et
392 2325 403 2363 ι
421 2323 475 2360 οοιι
493 2309 535 2362 ita
560 2311 692 2361 distincte
717 2323 781 2374 pro·
814 2308 996 2370 l‘hoantium,
1016 2313 1047 2358 ut
1064 2305 1171 2359 Strabo
1190 2307 1248 2368 ait,
1276 2305 1354 2358 inter

242 2377 370 2430 nuntiari
388 2381 522 2430 solerent.
557 2379 614 2430 Nec
632 2377 782 2445 potuisset,
814 2378 899 2430 urbes
919 2375 1045 2428 Rhodum
1061 2375 1262 2443 Jalysumque,
1280 2388 1354 2441 quae

242 2447 299 2501 uisi
317 2442 448 2514 Νήοοοος
473 2448 557 2498 etiam
578 2448 713 2499 usitatum
739 2461 780 2496 es·
814 2447 912 2500 eodem
946 2452 1019 2496 teste
1045 2445 1193 2513 octoginta
1225 2444 1300 2495 inter
1324 2456 1355 2497 se

244 2526 304 2576 set,
323 2512 391 2566 haec
410 2515 587 2584 etymologia
610 2515 690 2566 verbi
717 2527 781 2580 pro,-
816 2515 918 2567 stadiis
936 2514 1058 2576 distant,
1077 2515 1161 2564 situm
1180 2511 1280 2572 luerit,
1306 2527 1356 2562 nu-

243 2584 329 2654 peri,
347 2598 419 2651 quae
443 2593 486 2636 est
510 2585 583 2652 apud
603 2581 783 2636 Eustatlrlum
816 2599 911 2636 merus
941 2578 986 2650 φὲ
1012 2583 1126 2634 circiter
1164 2581 1357 2650 quadraginta

244 2653 282 2706 ad
291 2654 408 2714 Dionys.
426 2654 536 2706 Perire.
553 2652 586 2706 V.
603 2653 666 2704 525:
683 2646 783 2703 ἩΝἰ-
816 2652 918 2704 stedlis
934 2651 1081 2720 augendus
1100 2656 1151 2703 est.
1182 2651 1246 2701 lloe
1261 2657 1358 2700 tamen

245 2739 338 2790 cepoe,
361 2715 394 2792 ἦς
422 2721 470 2775 καὶ
486 2693 614 2790 ”ὄμηοος
638 2717 782 2788 μέμνηται,
817 2720 1032 2791 significandum
1056 2726 1203 2788 putamus,
1222 2717 1356 2769 hocloco

184 2793 186 2799 ⁴
245 2784 320 2845 onice
351 2787 507 2858 καλουμένη
547 2786 604 2844 ἀπὸ
640 2790 693 2842 τοῦ
729 2784 782 2841 νέω
817 2787 1034 2860 Agathemerum
1048 2789 1202 2840 maioribus
1216 2788 1358 2839 mensuris

244 2860 336 2926 (nato)
350 2860 398 2912 sel
415 2861 468 2912 sori
482 2854 662 2927 σύοω,,ὃιο’τι
679 2850 782 2910 α’πονο·
817 2860 875 2921 uti,
897 2864 929 2908 ut
952 2865 1053 2908 contra
1070 2858 1168 2909 statim
1186 2863 1251 2924 post
1268 2855 1360 2908 utino-

245 2931 330 2982 scsisu
353 2931 401 2996 τῆς
428 2924 515 2995 νήσου
540 2931 589 2996 τῆς
606 2929 656 2983 liei
680 2925 787 2996 spinosi
816 2944 861 2980 res
881 2927 917 2976 ab
935 2940 969 2978 eo
988 2925 1159 2984 referuntur.

245 2996 425 3056 Ποσειδῶνος
437 3014 550 3066 τριαινῃ
564 2993 728 3080 inscripqtui
742 2993 781 3062 pi·
849 2994 876 3061 ²)
894 2995 957 3046 Hoc
982 3009 1079 3046 nonren
1103 2995 1294 3062 integrumme
1320 2991 1362 3043 sit

246 3081 327 3132 γαντι
354 3059 508 3132 Πολοβοίτῃ
533 3060 642 3130 νέοντο,
668 3060 684 3116 d
709 3045 783 3115 iustu
816 3079 852 3116 an
871 3063 991 3125 nonsit,
1011 3063 1285 3124 autubiislocus,
1309 3063 1361 3128 qui

247 3129 392 3200 οἰχομένῳ.
438 3133 505 3197 idam
536 3141 629 3183 autem
661 3131 783 3182 insulam
818 3149 852 3184 eo
881 3132 1072 3200 significatur,
1103 3131 1282 3199 quaerendus
1311 3131 1362 3190 sit,

246 3202 358 3254 Plinius
377 3216 394 3252 a
412 3199 504 3252 Gnido
531 3200 676 3252 duodecim
695 3199 784 3251 millia
819 3201 937 3253 difficile
959 3200 995 3251 ad
1010 3201 1193 3262 statuendum
1214 3203 1268 3251 est.
1289 3199 1360 3249 Cum

161 3295 164 3300 ·
246 3285 396 3337 passuum,
414 3277 567 3338 quaesunt
584 3269 675 3322 stadia
691 3275 785 3321 seret
819 3277 911 3322 tamen
929 3269 958 3319 in
977 3268 1070 3319 insule
1091 3267 1191 3321 Rhodo
1210 3281 1262 3318 nee
1280 3268 1362 3334 oppi-

246 3339 410 3407 nonaginta‚
435 3339 541 3404 distare
576 3337 660 3402 dicit,
687 3349 784 3404 equo
823 3339 888 3390 dum
903 3336 1076 3403 Lepataleue
1093 3339 1132 3392 sit
1150 3352 1210 3396 nec,
1229 3336 1253 3386 si
1272 3335 1363 3402 esset,

245 3407 451 3474 intelligimus,
471 3423 645 3474 mensuram,
664 3421 737 3476 quae
754 3406 785 3456 in
819 3407 915 3457 stadia
929 3406 964 3456 ab
983 3421 1017 3458 eo
1033 3412 1263 3466 numerarentur,
1283 3420 1365 3456 cum·

246 3476 358 3544 periplo
377 3481 436 3539 est,
454 3476 591 3545 integrum
611 3482 690 3536 esset
718 3473 785 3532 Fuit
819 3491 873 3542 que
895 3475 979 3524 etiam
998 3489 1053 3524 non
1076 3474 1171 3526 insula
1194 3473 1293 3540 aliqua
1318 3475 1365 3522 in·

248 3545 344 3611 opinio
366 3545 491 3611 antiquis
509 3545 700 3612 temporibus,
717 3549 784 3594 ute
820 3543 914 3662 telligi
932 3543 1021 3610 possit
1039 3544 1116 3610 (nam
1143 3539 1197 3592 hoe
1222 3543 1246 3593 si
1272 3547 1368 3604 esset,

247 3612 386 3666 Strabone
405 3612 554 3680 Pliniuqoe
572 3615 716 3674 discimus,
736 3610 783 3663 Ni·
820 3629 838 3664 a
859 3613 883 3664 R

254 3697 342 3748 syron
367 3699 385 3734 a
412 3682 471 3732 Coo
493 3683 521 3731 vi
541 3680 676 3733 fluctuum
703 3681 786 3731 ebro·
819 3686 864 3732 set
891 3686 989 3731 auctor
1009 3681 1133 3748 peripli),
1153 3679 1365 3738 existimomus,

247 3759 327 3820 ptam
351 3765 428 3814 esse,
463 3750 557 3819 quod,
582 3751 643 3801 cum
667 3757 786 3816 utraque
819 3748 975 3815 Lepatalea
992 3749 1051 3800 sire
1071 3745 1239 3816 Lepatnleas
1255 3762 1367 3798 nomen

140 3875 143 3880 ,
247 3819 342 3872 insule
358 3822 433 3872 inter
455 3834 486 3871 se
511 3819 660 3886 sexaginta
681 3819 784 3870 stadiis
821 3817 950 3872 siminus
968 3817 1045 3868 unici
1060 3818 1136 3884 (nam
1153 3816 1256 3876 insula,
1271 3821 1303 3866 ut
1320 3816 1367 3866 in-

249 3888 364 3952 distent‚
383 3902 438 3939 non
457 3888 529 3940 adeo
545 3887 689 3956 probabile
706 3885 784 3938 vide·
820 3885 867 3937 ira
884 3884 1081 3953 intelligetur,
1099 3883 1170 3936 satis
1188 3897 1297 3952 magno
1318 3889 1368 3934 est

248 3961 345 4019 returl,
369 3957 425 4008 nisi
448 3957 542 4008 insula
567 3971 668 4023 parva,
699 3954 784 4006 hodie
821 3952 959 4019 ambito),
977 3961 1100 4007 atcerte
1121 3954 1234 4005 maximi
1260 3952 1367 4020 oppidi

249 4023 333 4078 Ynli
367 4026 460 4086 dicta,
489 4025 650 4094 (pristinum
683 4038 784 4076 nomen
820 4023 931 4076 insulae
950 4023 1012 4073 Tell
1031 4021 1128 4076 iusisse.
1150 4022 1225 4090 quod
1247 4021 1371 4073 videtur
1429 4045 1430 4050 =

248 4109 302 4146 nos
320 4100 397 4146 certe
421 4107 477 4144 non
503 4095 645 4156 novimus)
662 4093 704 4145 ita
728 4107 783 4142 me-
822 4095 909 4144 etiam
961 4098 1051 4142 ortum
1086 4089 1235 4144 habuisse.
1275 4105 1369 4157 quem
1429 4095 1430 4116 ³

250 4163 299 4216 dia
323 4164 400 4216 inter
423 4161 547 4230 Nisyron
565 4163 718 4229 rCoumque
744 4161 784 4213 ia·
822 4161 924 4213 Strabo
941 4105 988 4211 iis
1004 4160 1099 4211 verbis
1116 4161 1151 4218 X,
1170 4176 1196 4226 p.
1214 4155 1266 4217 48⁰
1285 4173 1369 4210 eom·

249 4239 348 4300 seret,
372 4237 404 4286 ut
423 4229 493 4286 haee
510 4247 622 4304 quoque
645 4230 785 4302 fragmen·
823 4235 977 4298 memopat:
1010 4223 1029 4296 ἡ
1063 4223 1095 4284 δὲ
1128 4230 1218 4296 Τῆλος
1250 4221 1371 4281 ἐκτέτα-

905 3612 959 3661 odo
984 3612 1015 3662 in
1034 3627 1096 3662 eam
1115 3611 1209 3662 stadia
1232 3610 1365 3676 scripsis-
