2852 4816
250 356 291 420 dd
504 352 766 416 MAPKIANOY
798 351 1096 428 deaastandum

246 522 313 618 noc,
332 539 352 605 d
374 539 406 604 ii
428 535 505 621 ιτρός
525 536 581 619 τὴν
608 539 648 602 dor
676 534 837 613 usstassais,
866 533 1040 621 Περσικὸςι
1072 535 1185 612 κόλπος
1208 535 1360 620 dolandis·
1386 550 1389 564 '

177 681 180 698 ι
245 661 310 704 ται·
333 637 368 702 τὰ
389 637 421 714 δὲ
442 635 549 719 μεταξίι
570 638 668 702 πάντα
688 632 750 700 dard
771 633 911 719 Ἀραβίου
932 642 1030 719 μυχοῦ
1059 638 1145 720 μέχρι
1172 641 1229 700 τοῦ
1251 661 1361 718 προει-
1399 663 1400 720 ι

246 739 378 822 ρῃμίνου
401 741 552 820 Περσικοῦ
573 737 705 812 κόλκου,
723 731 797 821 ,καθ’
819 731 909 816 i[16]
932 735 1021 818 μέρος
1043 732 1096 812 τίς
1109 733 1236 818 ἐκβολὰς
1262 736 1283 800 d
1313 739 1360 800 Ti·

245 833 312 922 γριξ
336 843 464 904 ποιεῖται
490 833 638 918 ποταμὸς,
667 841 870 918 asportatam,
903 837 1162 918 Χερσοοῃσοεαλῆ,
1185 835 1228 912 oia
1249 841 1359 919 προεί-

235 950 350 1020 ρηται,
370 921 596 1022 τυγχάνονταλ·
620 935 696 1015 ἔθνη
719 932 751 998 δὲ
771 939 894 998 πλεῖστα
914 935 966 998 καί
985 934 1107 1018 μέγιστα
1128 935 1160 1000 ἐν
1180 933 1263 1022 adep
1288 937 1358 1019 ἔχει,

248 1029 292 1101 σίν
311 1035 350 1113 τὰ
374 1040 508 1119 προσεχῆ
538 1039 577 1118 τῇ
603 1029 742 1116 θαλάσσῃ
763 1027 837 1096 nard
851 1015 916 1096 Ιτὸν
937 1036 1104 1116 περίπλουν
1125 1035 1359 1118 δηλωθήσεται·

246 1134 282 1202 τοί
304 1135 337 1201 δὲ
358 1135 428 1218 alepi
449 1131 504 1198 τὸν
525 1131 656 1214 αιίχένσι1
688 1137 742 1214 τῆς
764 1130 943 1212 εὐδαίμονας
962 1130 1107 1216 Ἀραβίας
1125 1133 1199 1218 μεταλ
1222 1133 1285 1218 τὴν
1308 1161 1357 1202 ιτε-

246 1237 351 1317 τραίαν
371 1235 422 1298 καὶ
443 1230 499 1314 τὴν
521 1233 634 1315 ἔρημον
653 1230 792 1318 Ἀραβίαν
814 1231 987 1314 κατέχουσιν
1009 1234 1041 1298 oi
1059 1231 1242 1315 καλούμενοι
1257 1241 1357 1319 Σαρα-

246 1333 357 1416 κῃνολ*
369 1381 379 1410 ,
400 1333 541 1407 πλείονας
567 1331 621 1414 μὲν
645 1333 763 1414 ἔχοντες
785 1333 1007 1415 προσηγορίας,
1029 1328 1146 1414 πολλὴν
1166 1331 1198 1408 di
1220 1335 1357 1400 διακατέ-
1395 1389 1398 1402 .

247 1455 349 1516 χοντες
377 1431 489 1516 ἔρημον
517 1437 589 1516 γῆν·
620 1439 769 1516 γειτνιῶσι
798 1439 872 1518 γοῦν
903 1423 988 1496 οὗτοι
1013 1437 1051 1516 τῇ
1073 1433 1198 1516 πετραία
1218 1429 1357 1520 Ἀραβίῃ,

247 1531 375 1618 (47)καλ
393 1537 433 1617 τῇ
454 1532 556 1618 ἐρήμῳ
569 1531 693 1619 Ἀραβίῃ
714 1533 763 1596 καί
785 1539 824 1618 τῇ
839 1533 1035 1617 Παλαιστίνῃ,
1056 1533 1107 1596 καὶ
1128 1535 1166 1616 τῇ
1188 1535 1356 1614 Περσίὸιθ,

248 1633 298 1696 καλ
319 1629 499 1709 ἀκολούθως
525 1625 564 1718 τῇ
590 1634 792 1718 προειρημένῃ
821 1631 975 1716 εὐδαίμονι
1001 1631 1135 1718 Ἀραβίῃ.
1163 1632 1224 1695 ἔστι
1247 1632 1283 1698 δὲ
1305 1639 1355 1714 τῆς

249 1729 428 1815 εὐδαίμονος
456 1731 595 1818 Ἀραβίας
635 1730 668 1797 τὸ
707 1731 762 1814 μὲν
797 1738 893 1815 μῆκος
925 1731 1030 1797 στιίόια
1065 1759 1094 1816 μ.
1117 1759 1141 1820 ,α
1162 1731 1192 1811 ψ’
1208 1739 1237 1808 ‘‚
1267 1731 1303 1798 τὸ
1327 1733 1355 1798 δὲ

173 1958 174 1962 ,
246 1911 315 1958 nate
334 1914 528 1973 memoratum
549 1902 625 1958 alter
642 1918 712 1957 vero
731 1900 769 1956 ad
789 1909 885 1956 ortum
899 1917 1024 1977 vergens
1044 1901 1125 1961 sinus
1146 1897 1285 1958 Persicus
1305 1919 1352 1956 no-

245 1979 391 2050 minatum
410 1976 463 2033 sed
481 1985 560 2034 terra
580 1993 652 2052 quae
673 1975 847 2034 intermedia
869 1986 915 2032 est
933 1977 1027 2032 omnis
1040 1975 1076 2032 ab
1095 1975 1219 2033 Arabico
1239 1994 1352 2034 reeessu

246 2071 339 2129 usque
359 2051 397 2108 ad
416 2051 597 2127 praedictum
616 2055 712 2108 sinum
733 2049 898 2123 Persicum,
918 2069 975 2127 qua
995 2071 1030 2108 ex
1056 2061 1140 2128 parte
1161 2071 1193 2108 se
1214 2061 1352 2108 exonerat

246 2125 347 2204 Tigris
367 2125 492 2199 flumen,
516 2127 797 2204 circumnavigatur,
816 2129 986 2203 peninsulae
1007 2124 1045 2183 ad
1063 2127 1186 2185 formam
1205 2123 1257 2202 (ut
1276 2130 1351 2202 prius

248 2201 373 2282 dietum)
393 2221 478 2279 quam
497 2205 625 2260 maxime
652 2201 801 2260 aooedens.
844 2204 955 2262 Gentes
975 2213 1072 2260 autem
1092 2204 1189 2277 plures
1209 2213 1241 2260 et
1260 2205 1351 2260 maxi-

247 2298 309 2336 mas
329 2281 360 2336 in
380 2298 412 2335 se
432 2280 582 2353 eontinet3
611 2298 686 2354 quae
712 2280 787 2335 mari
807 2279 910 2355 [quum
929 2279 1003 2354 sint]
1021 2279 1164 2336 finitimae
1184 2298 1222 2335 ex
1240 2281 1350 2355 periplo

246 2355 418 2415 manifestae
445 2364 541 2412 erunt.
586 2354 664 2412 Loca
689 2355 725 2412 ad
754 2358 897 2411 cervicem
922 2354 1046 2412 Arabiae
1077 2355 1172 2412 felicis
1205 2365 1274 2429 post
1306 2375 1350 2430 pe

170 2427 173 2436 ’
247 2441 358 2488 traeam
378 2441 408 2487 et
431 2430 577 2488 desertam
596 2431 733 2488 Arabiam
751 2432 884 2487 incolunt
903 2427 1043 2487 Saraceni
1058 2432 1107 2511 qpi
1120 2440 1271 2502 vocantur,
1292 2433 1349 2506 plu-

247 2525 295 2564 res
322 2506 442 2582 quidem
468 2509 565 2562 sortiti
592 2507 818 2582 appellationes,
845 2507 967 2562 multum
994 2524 1064 2563 vero
1090 2515 1188 2562 terroe
1223 2504 1349 2562 desertae

174 2645 176 2651 ,
248 2579 440 2656 possidentes.
480 2579 521 2636 Hi
540 2582 632 2659 igitur
650 2581 740 2637 vicini
760 2590 828 2637 sunt
843 2581 971 2637 Arabiae*
992 2589 1127 2655 petraeae
1152 2591 1184 2637 et
1211 2580 1348 2652 desertae,

249 2666 278 2714 et
298 2655 526 2726 *Palaestinam
564 2666 595 2712 et
613 2654 745 2724 Persidi,
766 2666 1016 2730 eteonsequenter
1042 2656 1210 2730 praedictae
1228 2657 1348 2714 Arabiae

249 2731 338 2788 leliei.
379 2728 465 2789 Patet
483 2740 580 2788 autem
607 2729 713 2788 Arabia
740 2729 813 2788 felix
839 2733 870 2788 in
898 2731 1111 2810 longitudinem
1138 2732 1233 2789 stadia
1254 2735 1346 2789 11700.

284 2894 311 2955 1)
336 2891 415 2962 Lege
451 2881 637 2960 κερσίκὰς.
677 2893 786 2946 Huds.
822 2895 999 2958 censebatur,
1017 2892 1176 2962 quodesset
1191 2887 1346 2962 ου’γήνρευ-

249 2957 519 3014 lnHoesohelii
556 2969 586 3013 et
615 2962 786 3014 Hudsoni
820 2962 947 3014 insulae:
971 2977 1042 3028 quae
1068 2976 1131 3014 vero
1156 2961 1192 3014 ad
1211 2963 1346 3014 meridiem

250 3027 423 3080 editionibus
437 3029 543 3098 legitur
556 3029 630 3082 male
643 3026 786 3098 κερσοκός.
822 3031 893 3083 mari
911 3031 1035 3098 cingitur
1048 3037 1112 3083 tota
1128 3030 1285 3082 vocabatur
1306 3027 1345 3084 τιέ-

284 3099 312 3152 2)
331 3095 379 3148 sic
404 3097 467 3165 lege
493 3107 522 3148 et
550 3098 709 3167 distingue:
744 3093 787 3152 Τολ
820 3099 854 3164 ζα
880 3115 897 3150 a
925 3097 1063 3164 Dionysio
1088 3099 1217 3166 aliisque.
1262 3099 1346 3151 Etsio

252 3159 284 3218 δὲ
308 3159 411 3230 patefit)
446 3161 540 3218 ποίντα
571 3161 628 3219 elaad
661 3161 786 3235 Ἀραβίου
821 3167 980 3218 Marcianus
1004 3173 1086 3218 vocat
1111 3159 1216 3234 ατίχένα
1235 3169 1282 3236 τῆς
1299 3159 1344 3220 Εί·

250 3233 342 3301 μυχοῦ
374 3230 454 3302 μέχρι
490 3235 542 3287 τοῦ
582 3233 786 3356 προειρημένου
816 3235 957 3302 δαίμονος
981 3228 1108 3305 Ἀραβίας
1132 3251 1192 3287 eam
1221 3237 1344 3287 Arabiam

250 3303 392 3370 Περσικοῦ
423 3298 545 3369 κόλπου,
569 3297 643 3356 καθ’
703 3301 788 3372 μέρος
822 3309 946 3368 partem,
965 3319 1035 3371 quae
1054 3305 1182 3370 opposita
1195 3309 1238 3353 est
1256 3305 1290 3372 τῇ
1306 3299 1344 3356 τί·

250 3365 301 3432 τοὶς
319 3364 434 3439 ἐκβολὰς
450 3367 467 3423 o‘
485 3371 582 3440 Τίγρις
595 3375 719 3426 ποιεῖται
737 3389 786 3425 τιο-
821 3373 862 3442 {aa
893 3371 1101 3424 Salmasius
1124 3373 1153 3422 in
1181 3370 1306 3424 Solinum
1323 3387 1342 3438 p.

250 3433 353 3505 ταμὸς,
371 3442 562 3507 κερικλεῖται,
589 3443 786 3510 Χερσονῃσοει·
821 3442 883 3494 att.
900 3440 1014 3494 Huds.

252 3507 305 3575 δή,
334 3501 372 3568 eo‘r
396 3507 578 3576 προείρηται,
603 3505 786 3578 τυγχάνοντα.
855 3512 885 3571 ²)
911 3507 1083 3578 Σαρακῃνοί.
1118 3507 1193 3564 Vide
1226 3504 1343 3560 Selme-

251 3573 373 3637 nuda,
392 3577 470 3634 euius
487 3575 710 3628 emendationem
725 3592 786 3628 eum
821 3579 910 3632 sium
930 3577 958 3627 in
977 3574 1103 3628 Solinum
1123 3592 1148 3642 p.
1167 3575 1227 3629 att.
1249 3575 1343 3628 etilo·

212 3675 217 3685 ‚
253 3642 473 3697 editore'Vienn.
485 3647 587 3712 recepi.
609 3644 786 3698 lloesohe-
821 3644 945 3698 eharti
976 3641 1156 3713 Geographia
1180 3659 1237 3696 sae.
1261 3643 1342 3696 titt.

250 3712 328 3762 lius
352 3713 446 3779 posuit
469 3719 533 3779 post
563 3708 670 3768 κόλπου
694 3713 786 3776 ealon,
824 3715 980 3768 lludson.

252 3777 355 3848 deinde
371 3780 472 3863 “edidit
494 3783 669 3865 τιεριτιλεῑται
686 3785 788 3848 Χεροο-
858 3785 885 3844 3)
902 3779 1082 3902 Περοίᾶῃι.
1115 3780 1235 3834 Omnino
1262 3779 1343 3848 legeu-

252 3849 435 3986 urtst
449 3866 687 3986 ινιτιαλ.
719 3919 787 3972 a,
826 3849 889 3978 a,
903 3849 1050 3974 truite
1074 3849 1214 3985 rim
1237 3911 1268 3970 a

254 3981 368 4050 longior
384 3987 421 4037 sit
438 3987 543 4038 Arabia
560 3986 629 4039 felix
647 4002 730 4054 quam
747 3985 788 4039 lo·
822 4002 857 4042 m.
885 4003 907 4040 s.
935 4003 997 4040 eum
1031 3994 1111 4042 reeta
1133 3987 1249 4051 iusuper
1270 3984 1342 4042 lineo,

254 4051 326 4113 tior,
344 4066 380 4104 ex
399 4051 506 4106 duabus
532 4055 722 4124 longitudinis
740 4071 787 4108 ex·
823 4057 866 4108 eui
889 4053 1065 4122 hemicyclus
1084 4056 1213 4110 deorsum
1227 4060 1343 4119 spectem

254 4119 460 4183 tremitatibus,
478 4137 513 4174 ea
531 4139 603 4192 quae
623 4124 657 4174 ad
676 4129 786 4192 septen·
820 4123 980 4176 subiicitur.
1019 4120 1185 4180 libescit„
1215 4121 1274 4176 Non
1302 4119 1341 4172 du·

254 4190 375 4241 trionem
394 4189 549 4243 meridiana
567 4201 610 4244 est
627 4193 704 4245 inter
721 4193 785 4244 Per·
820 4193 879 4260 bito
905 4193 971 4260 quin
996 4195 1084 4258 prima
1110 4192 1163 4246 itta
1187 4197 1254 4243 nota
1281 4187 1341 4240 desi·

253 4258 341 4310 sicum
367 4263 396 4309 et
420 4257 568 4310 Arabicum
593 4276 670 4313 arare
701 4255 787 4332 αὐγήν
824 4267 891 4330 gnei
909 4261 1083 4327 myriades,
1102 4275 1174 4330 quae
1201 4255 1341 4312 desiderari
