2852 4816
731 365 803 418 Vlll

303 553 399 618 Prius
422 559 529 615 autem
551 567 646 634 quam
669 547 712 612 ad
732 545 799 610 alic
825 559 968 627 transeo,
991 546 1139 628 dicimus,
1161 545 1326 612 Marciuni

220 649 340 716 librum
355 639 419 715 non
434 653 540 734 ipsum
553 649 593 712 ad
605 667 665 712 nos
681 649 868 732 pervenisse
883 646 940 709 sed
957 647 1119 730 epitomen
1135 650 1219 731 ejus,
1243 649 1327 733 quod

222 752 326 814 exiis
346 749 539 836 fragmentis
560 745 741 812 Marcianei
763 749 869 832 operis
891 758 1043 831 apparet,
1065 767 1148 830 quae
1169 746 1327 831 Stephani
1415 733 1416 740 ί

220 849 394 934 Byzantini
419 847 531 914 lexico
549 858 684 912 servata
705 861 791 914 sunt.
841 845 927 910 Num
956 844 1016 912 illa
1043 847 1203 910 interdum
1224 843 1327 909 multo

222 962 298 1015 suut
317 949 468 1015 uberiore
488 945 585 1035 quam
607 970 647 1012 ea
668 949 804 1032 quaein
824 945 984 1012 Marciani
1007 945 1133 1032 periplo
1152 967 1209 1028 eo,
1232 969 1327 1032 quem

221 1072 283 1114 nos
304 1048 474 1131 habemus,
485 1048 660 1133 leguntur.
701 1045 872 1126 Miremur,
894 1047 978 1131 quod
1001 1047 1063 1110 hoc
1085 1045 1250 1128 Millerus,
1271 1051 1326 1134 qui

221 1163 406 1237 postremus
430 1149 632 1216 Marcianum
655 1149 772 1230 edidit,
806 1170 845 1212 ne
867 1150 1051 1234 suspicatus
1073 1149 1203 1234 quidem
1219 1164 1286 1216 est.
1404 1147 1407 1152 ’

305 1251 377 1316 Jem
405 1272 510 1336 pauca
538 1249 576 1312 de
606 1246 773 1313 codicibus
797 1251 988 1333 scriptorum
1009 1246 1168 1318 Marciani
1190 1249 1326 1314 dicenda

223 1363 311 1415 sunt.
353 1351 449 1416 Prius
480 1371 575 1436 quam
598 1345 749 1412 Millerus
779 1349 834 1432 qui
867 1347 999 1411 Parisiis
1029 1346 1117 1434 degit
1146 1349 1328 1436 fragmenta

201 1450 481 1536 geographorum
514 1453 568 1535 qui
598 1448 746 1516 dicuntur
776 1449 932 1511 minorum
966 1445 1327 1529 edidisset,'Marciani

223 1549 345 1635 scripta
367 1563 490 1616 tantum
512 1549 638 1615 duobus
661 1545 826 1613 codicibus
848 1550 936 1612 edita
957 1562 1059 1632 erant,
1082 1573 1146 1616 uno
1168 1549 1327 1637 palatino,

223 1645 328 1714 altero
357 1649 544 1721 Hervuarti.
586 1649 652 1714 Sed
670 1641 743 1712 ¹iste
772 1649 821 1712 vir
851 1649 1007 1713 eruditus¹
1024 1651 1154 1715 tertium
1187 1652 1329 1718 codicem

222 1751 257 1813 in
277 1747 479 1817 bibliotheca
500 1752 625 1814 invenit
640 1751 826 1834 parisiensi,
849 1751 905 1835 qui
917 1764 1046 1836 praeter
1064 1750 1130 1816 alia
1146 1751 1328 1836 fragmenta

222 1852 322 1920 etiam
345 1849 504 1916 Marciani
526 1852 645 1934 scripta
668 1851 821 1926 eontinet,
843 1849 901 1912 sed
922 1861 1027 1914 tamen
1051 1853 1097 1915 ita
1119 1855 1272 1936 eontinet,
1294 1868 1328 1918 ut

222 1943 382 2016 lectiones
404 1971 509 2014 novas
531 1950 600 2012 fere
621 1946 730 2011 nullas
752 1947 909 2012 exhibeat
930 1972 1012 2036 quae
1028 1954 1155 2037 quidem
1170 1956 1225 2036 iis,
1246 1979 1328 2042 quae

223 2062 322 2140 notae
343 2061 434 2132 sunt,
455 2061 641 2135 praestent,
660 2051 786 2120 initium
809 2051 916 2114 tanuen
939 2054 1058 2135 operis,
1079 2057 1164 2138 quod
1184 2058 1219 2118 in
1241 2057 1330 2120 eodi-

224 2147 316 2213 cibus
333 2147 464 2216 dnobus
485 2147 649 2236 prioribus
671 2161 774 2213 totum
795 2151 929 2229 interiit,
952 2163 1052 2225 totum
1073 2153 1106 2217 id
1129 2156 1256 2239 quidem
1272 2155 1329 2219 ha-

222 2249 299 2314 beat
320 2249 376 2312 sed
399 2252 445 2313 ita
468 2249 573 2314 literis
595 2246 733 2329 deletis,
760 2250 817 2313 vix
839 2264 876 2311 ut
898 2249 1044 2314 adhibita
1066 2267 1136 2317 arte
1166 2253 1328 2334 chemino·

223 2372 296 2415 rum
317 2347 443 2436 aliquot
465 2348 564 2414 verba
585 2349 721 2433 agnosci
741 2351 916 2431 potuerint.
943 2348 991 2432 Ae
1013 2351 1167 2436 Hessius,
1190 2359 1240 2421 vir
1262 2355 1327 2423 cla·

221 2445 391 2531 tissimus,
427 2453 482 2535 qui
516 2434 715 2530 aliquamdiu
742 2444 878 2510 Parisiis
901 2451 1081 2516 studiorum
1112 2460 1328 2540 causavixit,

221 2551 309 2611 'haec
330 2551 369 2610 de
391 2551 455 2608 isto
479 2547 600 2624 codice,
621 2563 716 2634 quem
738 2565 810 2607 cum
832 2548 872 2610 in
895 2547 1091 2616 bibliotheca
1112 2553 1241 2621 Pithoei
1263 2560 1331 2623 fue—

223 2649 268 2710 rit
288 2645 503 2732 l‘ithoeanum
524 2646 701 2720 nominant,
721 2645 852 2728 scripsit
874 2648 998 2732 ephem.
1020 2649 1069 2720 lit.
1089 2652 1227 2722 Helens.
1254 2679 1329 2725 ann.

225 2749 319 2814 1889.
341 2742 401 2811 Νι.
425 2747 497 2824 105,
519 2766 551 2829 p.
569 2747 632 2810 227
645 2763 731 2830 squ:
754 2744 821 2810 Die
838 2745 980 2828 Limen,
991 2753 1122 2817 ⁴welche
1138 2755 1235 2820 ΙΗοιιν
1247 2757 1330 2820 Mil·

224 2838 276 2910 ier
295 2845 389 2926 (haec
411 2845 496 2906 enim
518 2843 660 2929 scripsit,
682 2869 754 2910 cum
776 2848 815 2910 de
830 2839 954 2912 Milleri
975 2851 1119 2916 editione
1136 2853 1328 2941 exponeret)
1415 2905 1416 2936 ρ

223 2944 333 3032 gleiclt
360 2966 430 3008 vom
452 2943 592 3029 Anfang
620 2947 677 3010 dee
705 2947 865 3034 Meneinn
894 2950 1033 3016 benerit
1061 2952 1136 3031 ίπί,
1170 2955 1328 3038 bedicfen
1405 2971 1408 2980 '

95 3039 98 3058 ⁴
225 3051 354 3132 einiger
375 3043 673 3130 Berichtigungen3
695 3067 732 3112 er
754 3047 914 3113 schreibt:
949 3053 1028 3134 [Τῆς
1047 3051 1107 3136 μὲν
1129 3053 1245 3138 μεταξὺ
1265 3055 1331 3122 Εὐ.

223 3145 337 3232 ροίπης
361 3169 395 3212 πε
423 3143 477 3211 καί
506 3142 643 3230 Λιβύης]
657 3147 852 3234 ὀπιμὲίνης],
887 3148 1098 3238 eandmund,
1127 3150 1171 3237 ἢν
1198 3151 1216 3220 ὁ
1246 3177 1330 3238 περι-

225 3249 307 3332 έχων
327 3246 514 3328 ncommod]
544 3243 684 3322 ὠκέπνος
708 3243 854 3331 ἑσπέριος
872 3247 1117 3328 &narsiti-neeri
1137 3250 1196 3318 edu
1215 3253 1331 3320 καλού-

224 3369 325 3433 μενον
340 3342 532 3429 Ἡράκλειον
551 3343 706 3430 πορθμὸν
725 3343 785 3432 τὴν
806 3344 936 3431 clepone
956 3349 1167 3434 concinnos,
1185 3352 1330 3439 Ἀρτεμί-

225 3443 371 3538 despecti
387 3445 542 3530 Ἐφέσιος
561 3444 753 3530 praecypimus
776 3446 811 3512 ἐν
832 3445 945 3517 ἕνδεκα
962 3455 1030 3525 τοῖς
1048 3451 1106 3532 τῆς
1125 3457 1332 3540 γεωγραφίας

227 3547 365 3631 βιβλίοις
383 3541 442 3610 eit
462 3545 647 3628 περίπλουν,
659 3541 703 3622 ὥς
723 3545 766 3612 tte
786 3538 829 3632 ἦν
848 3547 985 3633 μάλιστα
1005 3549 1156 3633 δυνατὸν,
1179 3554 1331 3639 συνέγρα-

112 3693 116 3697 .
227 3657 295 3726 ψεν,
339 3648 406 3712 ,Ιὶίο
426 3655 512 3710 erote
533 3644 741 3730 Ergdnznng
769 3654 815 3712 iet
841 3651 985 3716 eeedlielt
1013 3651 1155 3736 ricdtig3
1180 3655 1249 3734 fiir
1278 3657 1332 3720 die
1368 3719 1370 3722 .

227 3750 394 3812 einzelnen
433 3747 529 3812 Verte
557 3749 643 3810 donn
669 3769 744 3812 men
770 3750 862 3814 nicici
888 3751 1018 3826 etelren;
1056 3753 1126 3815 mill
1153 3775 1228 3818 men
1254 3755 1333 3820 aber

228 3848 400 3932 miglieltst
431 3847 589 3912 Mancino
617 3833 719 3913 deliri
746 3854 844 3916 reden
872 3855 990 3930 dassen,
1012 3873 1047 3914 ee
1069 3855 1155 3916 kann
1175 3876 1250 3918 nnn
1271 3877 1331 3920 orn
1413 3851 1416 3860 ’

229 3951 289 4013 der
309 3947 508 4033 Einleitnng
528 3969 589 4012 zur
610 3947 764 4032 Epiteme
784 3947 819 4014 S.
842 3953 913 4018 llb.
936 3951 975 4019 Z.
997 3956 1038 4016 le
1067 3961 1248 4036 ergiinsen:
1275 3956 1333 4038 τῆς

228 4046 321 4126 ἐντὸς
343 4045 533 4134 Ἡρακλείου
568 4051 731 4131 πορθμοῦ.
788 4049 859 4113 Mit
889 4053 953 4116 den
975 4053 1161 4136 folgenden
1196 4053 1334 4118 Worten

223 4151 330 4237 tiingt·
358 4171 425 4216 nrm
451 4152 511 4216 der
545 4149 656 4214 Codex
683 4147 784 4216 relisi
812 4169 874 4226 ποις
899 4153 1017 4234 Jedeelt
1046 4156 1122 4219 sind
1147 4154 1202 4218 die
1223 4163 1333 4218 ersten
