2852 4816
491 349 753 452 marmora.
1045 373 1047 385 ’
1126 387 1177 467 ,ιο
1227 383 1230 390 “

64 582 119 657 τῆς
150 575 208 638 ἔσω
237 572 394 656 θαλάσσης
422 577 466 652 εἰς
491 575 545 642 τὸν
574 575 729 651 α’κεανὸν,
757 574 838 659 πλὴν
865 573 916 640 διαί
938 580 993 639 τοῦ
1015 575 1176 658 εἰρημένον

60 676 242 758 Ἡρακλείου
263 681 422 758 πορθμοῦ·
445 676 604 742 ἐκτείνεται
625 677 657 742 δὲ
678 675 699 762 ἦ
722 673 793 742 καθ’
814 673 913 756 ἡμᾶςῦ
937 673 1014 757 αὕτη
1036 674 1176 742 θάλασσα

11 819 13 826 ,
63 778 115 840 καὶ
139 776 225 858 μέχρι
246 779 302 855 τῆς
320 771 490 860 Ἀιγιίπτου,
512 775 760 870 deceperimus
781 781 819 861 τῇ
841 774 1030 861 μεσημβρίᾳ,
1061 774 1103 852 νίς
1123 773 1175 840 οἷν-

63 881 217 938 τικεῖσθαι
244 879 287 958 τῷ
307 872 436 958 Ἀραβίῳ
466 873 632 960 κὸλ[-6]πρι
658 873 693 939 τὸ
715 870 790 938 κατὰ
812 873 896 956 ἡμᾶς
912 873 1099 958 καλούμενον
1119 879 1176 940 Al·

21 969 24 978 Δ
62 973 196 1059 γιίπτιον
224 973 351 1058 πέλαγος
359 977 372 1052 ,’
395 977 446 1038 καί
473 978 611 1060 γίνεσθαι
642 975 734 1059 μέγαν
763 968 878 1054 tropis
904 971 960 1056 την
990 973 1099 1058 μεταξίι
1119 978 1177 1061 γῆν

63 1083 155 1141 sotira
174 1075 315 1158 Ἀραβίου
335 1072 451 1140 κόλπου
470 1076 521 1140 καί
546 1079 601 1158 τῆς
621 1071 699 1137 καθ’
718 1071 798 1154 ἦμᾶς
819 1071 894 1138 κατὰ
915 1081 1006 1142 τοῦτο
1026 1073 1063 1141 sd
1086 1079 1178 1160 μέρος

62 1177 239 1258 θαλάσσης·
261 1173 315 1240 τὸν
336 1175 390 1258 μὲν
412 1169 468 1241 οὖν
488 1175 656 1260 περίπλουν
672 1179 727 1255 τῆς
746 1173 900 1258 θαλάττης
919 1175 1030 1258 ταύτης
1051 1173 1102 1241 διὰ
1123 1181 1177 1259 σῆς

64 1279 212 1358 ἐπιτομῆς
239 1283 301 1340 τοῖν
327 1274 363 1339 ια’
393 1277 520 1360 βιβλίαν
538 1271 756 1358 Ἀρτεμιδώρου
788 1277 843 1337 τοῦ
873 1275 1072 1360 γαιαγριίφοο
1093 1283 1177 1358 σαφῆ

63 1377 303 1459 κατεστήσαμεν,
334 1375 375 1452 τίς
402 1377 592 1459 προείρηται·
624 1380 686 1438 τῶν
713 1373 822 1458 δὲ(36)
849 1373 907 1450 έξον
925 1381 1089 1440 θαλασσοῖν
1109 1371 1179 1463 ἤτοι
1288 1445 1292 1455 ,

65 1477 209 1542 cistercio
231 1475 309 1542 έοίου
336 1500 368 1540 τε
393 1477 444 1540 καί
465 1477 625 1556 ἑσπερίου,
647 1476 761 1540 οἰκεῖον
782 1470 968 1552 decessisses
989 1477 1103 1551 πόνον,
1124 1469 1178 1540 τίν

65 1581 235 1662 περίπλουν
256 1573 431 1660 α’ναγράψαι
458 1574 671 1661 προειλόμεθα.
708 1573 931 1658 Ἐρατοσθένης
959 1576 1015 1659 μέν
1037 1576 1056 1641 d
1076 1579 1179 1658 Κυρη-

66 1686 152 1754 ναῖος
172 1677 230 1760 τὴν
255 1679 398 1762 μεγίστην
418 1677 611 1760 περιφέρειαν
639 1681 693 1756 τῆς
714 1675 902 1758 ἐγνωσμένης
921 1673 1042 1758 ίιποίσης
1061 1680 1118 1759 γης
1132 1669 1178 1738 ἐί
1227 1753 1229 1760 Α

66 1803 112 1841 ναι
141 1779 220 1862 λέγει
256 1777 385 1841 σταδίων
421 1803 451 1858 μ.
481 1777 516 1841 ιιί
550 1775 600 1839 καί
628 1777 700 1860 ,fist
746 1773 825 1840 οῧιιι
851 1775 885 1842 dl
904 1771 1178 1848 καλάιονιίσιοςί

68 1967 103 2005 ex
123 1949 219 2004 altera
239 1955 322 2022 parte
342 1965 403 2004 non
424 1945 510 2004 datur
530 1946 620 2003 alicui
639 1941 796 2022 enavigare
825 1945 863 2002 alt
889 1942 1028 2002 interiori
1049 1943 1125 1998 mari
1143 1939 1180 1996 ad

68 2041 226 2092 oceanum,
253 2023 311 2078 nisi
337 2041 390 2098 per
409 2022 517 2080 fretum
536 2019 717 2078 Herculeum
745 2021 864 2079 dictum.
905 2015 986 2079 Mare
1006 2023 1105 2076 autem
1125 2034 1179 2074 no-

16 2161 18 2174 ,
68 2109 162 2156 strum
190 2097 360 2156 extenditur
389 2117 481 2174 usqua
510 2095 547 2155 ad
573 2099 756 2174 Aegyptum,
774 2104 859 2172 *quae
884 2094 1020 2154 meridiei
1047 2091 1181 2150 subiecta
1283 2101 1287 2114 '

67 2185 129 2232 est:
159 2173 233 2231 adeo
259 2184 293 2232 ut
323 2191 361 2230 ex
388 2173 511 2244 adverso
539 2173 617 2229 sinui
636 2171 761 2229 Arabico
781 2175 875 2230 iooeat
893 2191 993 2243 mare,
1020 2169 1099 2246 quod
1123 2186 1180 2224 nos

66 2250 512 2328 rersnsdegyptinmdioitu13
532 2258 705 2324 utmagnus
726 2247 779 2304 liet
799 2247 926 2306 isthmus
947 2267 963 2304 e
982 2257 1081 2317 terra,
1106 2262 1180 2320 quse

67 2343 85 2381 a
106 2328 176 2382 sinu
202 2325 327 2382 Arabico
352 2325 389 2382 od
416 2335 549 2383 nostrum
569 2320 668 2398 usque'
689 2339 727 2378 ex
746 2323 801 2379 hac
821 2333 904 2398 parte
924 2322 1070 2399 pertingit
1088 2335 1178 2376 more.

67 2396 216 2476 Periplum
235 2403 327 2478 igitur
347 2401 433 2458 huius
453 2403 543 2458 maris
563 2403 595 2456 in
618 2399 756 2474 Epitome
776 2399 912 2456 undecim
928 2397 1071 2456 librorum
1090 2396 1180 2453 Arte·

66 2477 175 2534 inidori
195 2475 532 2554 Geographiperspioue
553 2476 700 2550 complexi
719 2489 831 2548 sumus,
854 2485 887 2532 ut
906 2472 1102 2533 antedictum
1119 2479 1180 2527 est:

64 2555 192 2610 marium
210 2567 280 2609 vero
308 2555 509 2623 exteriorum,
535 2553 597 2608 sire
626 2552 729 2605 oceani
755 2551 908 2608 orientalis
936 2560 967 2609 et
987 2547 1180 2608 occidentalis

68 2631 212 2704 periplum
231 2629 265 2684 de
284 2631 404 2704 proprio
424 2627 605 2706 perscribere
625 2623 790 2682 maluimus.
830 2623 1042 2684 Eratosthenes
1064 2619 1183 2699 quidem

69 2703 236 2780 Cyrenaeus
255 2701 326 2761 dicit
350 2707 510 2762 maximum
538 2703 629 2761 totius
657 2710 754 2756 terrae
781 2703 920 2778 cognitae
940 2701 1097 2758 circuitum
1117 2713 1182 2756 esse

69 2779 230 2838 stadiorum
252 2779 380 2841 252000.
404 2781 541 2840 similiter
566 2787 663 2835 autem
689 2785 720 2831 et
739 2773 902 2853 Dionysius
929 2771 1076 2855 Diogenis
1101 2773 1181 2832 filius

100 2953 128 3011 5)
156 2949 306 3006 ἐκτείνεται
337 2949 369 3006 δὲ
393 2949 412 3023 ἡ
434 2947 508 3007 καθ’
533 2945 607 3020 ἡμᾶς
640 2963 702 3002 suns
730 2949 835 3002 oxonii
863 2949 929 3002 rota
960 2950 1009 3020 [8.
1033 2965 1092 3003 una
1119 2965 1183 3016 cnm

71 3024 127 3090 legi
157 3023 305 3090 proposuit
339 3020 607 3083 lloesohelius,
638 3018 747 3072 Arati
772 3016 978 3074 Phaenomenis
1005 3020 1183 3087 aliorumque

70 3091 117 3143 sed
139 3091 202 3158 ipse
228 3091 258 3140 in
283 3095 363 3142 textu
388 3092 510 3143 retinuit
528 3089 605 3141 codi-
639 3085 748 3139 libellis
775 3103 802 3156 p.
828 3089 861 3140 31
874 3087 939 3158 sq.]
967 3089 1131 3142 lludson.
1149 3113 1191 3128 ...,

70 3171 131 3211 eum
155 3157 307 3210 lectionem
333 3155 364 3212 di
382 3154 399 3213 ὅ
415 3153 506 3224 καθ’,
526 3169 607 3227 quem
640 3151 724 3208 itanc
745 3158 880 3209 circuitus
905 3157 1128 3225 magnitudinem
1147 3167 1184 3208 ex

71 3227 173 3280 deinde
196 3227 306 3294 recepit
323 3243 379 3295 quo
400 3244 449 3291 ue,
474 3234 506 3279 ut
524 3227 607 3294 solet,
640 3223 837 3278 Eratosthenis
861 3228 973 3279 ratione
1008 3225 1185 3296 geometrico

70 3297 231 3349 Hndsonos.
257 3293 357 3348 Editor
374 3245 456 3350 ίὶοο.
476 3297 547 3366 legit
560 3290 608 3364 ἦ
642 3293 694 3345 alii
718 3295 875 3376 scriptores
903 3302 1014 3347 veteres
1045 3293 1181 3346 referunt.

70 3362 220 3430 idioma,-
247 3362 301 3414 hoc
319 3367 403 3417 etiam
421 3379 472 3418 nos
491 3366 607 3432 placuit.
645 3363 716 3414 Sunt
732 3363 846 3430 quidem
861 3361 1041 3430 Hipparchus
1059 3363 1088 3412 in
1104 3358 1183 3412 acho-

57 3439 58 3444 ’
102 3427 610 3494 li)dortaaiodcsscribiiuhetlloe·
644 3431 692 3482 liis
716 3434 753 3484 ad
777 3437 910 3493 Aratum,
936 3437 965 3484 et
989 3431 1111 3493 Strabo,
1136 3430 1184 3497 qui

70 3501 247 3564 schelius,
256 3501 319 3553 loco
334 3497 519 3566 ιίντίκεῖοθαι,
535 3501 610 3570 quod
643 3513 711 3567 prae
737 3501 840 3552 ceteris
870 3497 1068 3553 Eratosthenis
1091 3497 1184 3550 libros

69 3569 173 3623 habent
190 3571 275 3623 codd.
306 3571 379 3626 lllud
397 3572 486 3624 tacite
504 3571 611 3638 recepit
643 3568 862 3639 diligentissime
879 3571 911 3620 in
928 3571 1060 3622 manibus
1076 3565 1185 3627 habuit,

69 3639 280 3692 Hndsonus.
588 3697 595 3708 ,
645 3637 750 3691 deinde
769 3637 926 3702 Geminus,
954 3639 1111 3698 Vitruvius,
1129 3633 1185 3686 Pli-

105 3705 247 3772 l)noddo'.
263 3707 610 3779 Legendumceussooro·
644 3706 725 3770 nius,
744 3709 933 3769 censorinus,
957 3709 1117 3759 lllurctanus
1133 3705 1184 3756 Ca·

72 3778 398 3846 dionemtquodpassim
417 3775 611 3844 myriadas
645 3770 801 3844 pella‚=et'
820 3775 1001 3836 cleomedes,
1034 3775 1112 3825 ouius
1137 3787 1186 3824 no·

72 3847 212 3915 designat)
221 3844 253 3899 κέ
260 3843 373 3919 sulpio',
384 3845 534 3914 rolpotius
548 3859 611 3898 οτα-
644 3857 717 3908 ιαεα,
736 3861 810 3896 nunc
826 3845 974 3897 emendata
987 3843 1109 3895 lectione
1124 3841 1185 3894 Le·

73 3915 141 3968 σίαν
157 3933 185 3984 μ.
205 3911 245 3968 κέ.
265 3916 315 3969 καί
332 3917 366 3988 γλ.
386 3929 449 3966 nam
468 3915 611 3966 maximus
645 3915 790 3964 tronnii
818 3915 895 3966 Galli
929 3913 1103 3981 sagacitate,
1135 3923 1186 3962 nos

73 3991 163 4036 terrae
186 3986 340 4048 circuitus,
359 3991 391 4036 ut
407 3982 612 4036 Eratosthenes
646 3982 805 4050 adiungere
824 3982 972 4050 possimus.
1009 3983 1054 4033 Er
1071 3979 1184 4032 Strabo·

74 4052 253 4105 Geometrica
278 4054 388 4106 ratione
412 4052 543 4120 collegit,
568 4056 613 4102 ost
645 4053 692 4102 nis
716 4061 812 4104 autem
845 4051 940 4102 verbis
963 4049 1104 4112 vidimus,
1129 4059 1184 4098 son

74 4123 231 4173 stadiorum
256 4123 378 4186 rituum
402 4129 477 4174 teste
508 4119 612 4181 Plinio,
646 4127 745 4172 omnes
787 4115 984 4172 Eratosthenis
1026 4127 1185 4171 mensuram

74 4189 228 4250 Strabone,
252 4192 413 4245 Censorino.
441 4189 514 4243 Vide
532 4187 613 4240 libel·
644 4187 797 4254 probassem
816 4187 888 4239 dicit
902 4188 976 4240 onim
989 4188 1052 4242 Lib.
1064 4189 1085 4240 l.
1102 4172 1184 4270 pdt:
1294 4193 1295 4198 ’

75 4258 130 4309 lum
148 4262 240 4327 ipsam
261 4258 526 4312 Eratosthenis
547 4254 630 4324 περὶ.
646 4256 694 4319 „el
711 4245 914 4326 δὲιηλικαίτη,
932 4252 1031 4326 ἡλίκην
1047 4249 1132 4373 adro}
1149 4251 1184 4306 εί-
1277 4316 1282 4324 Ι

74 4323 175 4393 μέτρου
192 4329 244 4396 τῆς
260 4331 312 4397 γῆς
332 4327 513 4397 περιφερείας
530 4338 611 4377 exou-
647 4340 743 4391 ρηκεν,
771 4319 1034 4393 σοίγ’ὁμολογοτίσιν
1058 4323 1088 4375 oi
1129 4336 1186 4374 στε-
1272 4326 1275 4333 '

937 4409 980 4472 8*

916 4529 920 4550 ι
