2864 4812
507 411 770 476 ΠΕΡΙΠΛΟΤΣ.
844 451 848 468 ι
1151 421 1192 484 (λλ

80 593 248 676 ἐπισήμους
262 592 284 678 γ’
289 641 298 668 ,
307 591 498 678 ἀκρωτήριον
504 595 654 679 ἐπισημον
666 600 711 674 ἐν,
723 595 931 680 [Χεῤῥάνησον
945 597 1188 681 ἐτιλσημονοί,]ιι
1275 597 1282 614 χ

80 693 196 788 νήσους
222 692 390 791 ἐπισήμους
417 694 461 776 β’.
497 696 529 759 ei
555 692 666 773 πάντες
691 694 754 761 άπὸ
785 703 840 764 τοῦ
865 695 1004 781 Ὀρατίον
1032 697 1117 781 μίγρι
1139 703 1193 762 τοῦ

82 791 224 878 Βαγράδα
247 799 385 876 ποταμοῦ
406 795 541 878 ἐκβολῶν
561 799 616 861 τοῦ
638 795 799 880 παράπλου
820 804 874 882 τῆς
902 805 963 864 τοῖν
986 802 1114 880 Περσῶν
1135 797 1192 880 γά-

81 919 135 976 ρας
155 891 263 960 στάδια
285 894 349 981 ,γαί
360 896 426 975 [20]

443 1059 823 1142 Fragmenta&

162 1203 190 1270 l.
233 1202 362 1288 Ἀδάρου
382 1202 487 1281 πόλις,
519 1202 608 1282 πόλις
637 1205 791 1289 Περσική,
821 1205 864 1282 ὥς
886 1205 1065 1289 Μαρκιανὸς
1086 1209 1118 1273 ἐν
1140 1233 1190 1274 πει

80 1306 178 1388 plurim
208 1309 264 1368 τοῦ
300 1307 455 1386 Περσικοῦ
491 1304 617 1371 κόλπου.
662 1307 681 1372 d
708 1300 835 1392 πολίτης
862 1307 1110 1392 Ἀδαροπολίτης,
1149 1308 1192 1386 οίς

75 1403 302 1486 Ἡλιοπολίτης,
330 1401 619 1489 Ἦραιστοπολίτης,
647 1413 692 1492 τῷ
718 1413 844 1494 τεχνικῷ
864 1405 961 1492 λόγῳ,
993 1410 1021 1472 εἰ
1041 1407 1083 1492 μὴ
1106 1407 1191 1490 ‹imel-

80 1506 182 1586 λοι**)
207 1510 249 1588 τῷ
271 1509 414 1590 Περσικῷ
435 1502 537 1588 τάπρι,
559 1505 602 1583 aie
634 1504 855 1591 Καμβυοηνάς,
884 1509 1053 1588 Σωφηνός,
1077 1513 1190 1593 Παραι-

80 1603 287 1687 τστιηνός.***)
330 1605 391 1668 ίστι
412 1605 446 1670 δέ
467 1605 517 1668 καί
537 1605 654 1690 ’Ἀδαρα
675 1607 858 1694 οὐδετέροις,
884 1607 971 1690 κάμη
993 1608 1107 1694 μεγάλη
1130 1612 1192 1692 τρί.

79 1731 133 1787 της
162 1705 366 1786 Παλαιστίνης
397 1702 506 1787 μεταξύ
539 1705 758 1792 Χαρακμάβαν
788 1707 838 1770 καί
866 1705 1088 1785 Ἆρεοπάλεας,
1119 1709 1191 1786 ίσας

79 1802 141 1870 άπὸ
164 1810 220 1886 τῆς
247 1807 398 1888 Περσίδος
426 1811 574 1887 κληθεῖσα
595 1805 720 1885 πόλεως.
754 1807 805 1872 καί
825 1804 882 1891 γάρ
905 1805 985 1889 φυλή
1008 1832 1052 1884 τις
1073 1809 1107 1872 ἐν
1129 1813 1189 1872 Χα-

79 1902 253 1988 ρακμάβοις
274 1903 513 1990 Βαβνλάνιοι.0)
1198 1943 1211 1980 0

79 2127 214 2258 insignes
243 2127 269 2182 3.
297 2126 529 2201 promontorium
555 2123 672 2198 insigne
703 2125 728 2212 Ι.
758 2123 971 2183 Chersonesum
997 2128 1143 2205 insignem
1166 2131 1190 2184 l.

79 2203 145 2258 insa
157 2222 192 2258 aa
211 2203 342 2278 insignes
360 2203 388 2259 2.
411 2200 728 2277 Praeternavrgatioors
750 2197 905 2257 Persarum
925 2203 1072 2279 regionis,
1092 2201 1127 2258 ah
1149 2203 1190 2258 0-

79 2277 193 2336 roatide
215 2277 361 2352 usquead
381 2278 457 2336 ostia
479 2274 629 2354 Bagradoe
649 2272 748 2344 fluvii,
769 2275 863 2332 stadia
890 2279 1189 2336 concrematarum
1304 2347 1307 2360 ι
1338 2329 1339 2336 ,

456 2417 801 2510 Fragmenta

155 2581 176 2638 1.
217 2579 405 2656 ddaropolis,
425 2575 652 2649 urbs-Persica,
673 2587 706 2632 ut
724 2575 816 2632 refert
835 2575 1001 2633 Marcianus
1021 2577 1053 2631 iu
1073 2573 1190 2651 Periplo

78 2662 160 2716 sinus
181 2655 299 2714 Persici.
322 2687 356 2697 -
377 2653 458 2712 Civis
478 2653 678 2728 Adaropolita,
700 2651 979 2732 Hephaestopolite,
1000 2670 1036 2707 ex
1057 2653 1122 2728 lege
1141 2669 1189 2706 ar·
1229 2652 1232 2660 ’

78 2735 117 2792 tis
138 2744 278 2801 nostrae,
298 2729 356 2786 nisi
376 2729 494 2786 Persica
512 2730 689 2787 formatione
709 2727 813 2784 debeat
832 2727 946 2797 efferri,
967 2727 1012 2782 uti
1034 2725 1189 2802 Cambyse-

79 2829 152 2876 nus,
180 2807 355 2883 Sophenus,
386 2806 610 2862 Paraetacenus.
656 2804 732 2862 Sunt
761 2813 859 2861 autem
887 2812 917 2859 et
947 2802 1058 2872 Adara,
1076 2821 1187 2880 genere

78 2897 204 2956 neutro,
230 2885 311 2940 vicus
334 2901 458 2960 inagnus
486 2882 588 2944 tertiae
617 2877 817 2950 Palaestinae,
844 2879 922 2936 inter
942 2876 1140 2936 Characmoba
1160 2887 1190 2933 ct

79 2960 257 3037 Areopolin,
277 2959 336 3034 qui,
354 2957 430 3015 forte
457 2956 492 3013 ah
520 2956 592 3013 urhe
618 2954 749 3019 Persidis
776 2955 818 3011 ita
839 2953 934 3012 dictus
956 2963 1009 3011 ert.
1051 2951 1089 3010 Et
1112 2952 1188 3010 idem

78 3037 175 3096 trihus
196 3035 337 3114 quaedam
356 3035 386 3090 in
407 3031 614 3092 Characmohis
634 3030 869 3108 Babyloniorum.

79 3244 171 3298 nsque
190 3225 225 3278 ad
245 3231 349 3280 terram
369 3225 491 3279 Mediam
510 3225 614 3278 consti·
651 3224 978 3276 enimdistinctisrerhis
997 3225 1188 3292 l'esiplum

78 3303 185 3356 tutam,
202 3294 516 3358 multomaiorcmesse,
532 3310 616 3363 quem
650 3294 760 3344 meris
783 3293 944 3346 Persici.

78 3367 142 3418 eius
163 3364 362 3426 latitudinem,
391 3381 462 3432 quae
483 3380 560 3414 oram
579 3364 615 3415 ad
683 3364 723 3423 ⁴¹⁴)
748 3360 775 3414 εί
797 3355 835 3428 μὴ
860 3352 961 3429 ὀφείλῃ
989 3359 1028 3429 τῷ
1059 3362 1189 3431 Περσικῷ

78 3435 165 3488 litora
179 3433 258 3484 sinus
270 3435 373 3499 persici
392 3431 615 3499 consprehendit.
650 3426 737 3499 τάπερ.
757 3429 826 3479 Cod.
850 3429 930 3481 Voss.
1171 3457 1174 3464 ⁴

79 3502 154 3567 Quid
175 3503 272 3568 itaque
293 3503 407 3563 obstat,
425 3515 475 3552 cur
493 3517 547 3553 non
569 3515 616 3568 po·
683 3501 737 3561 aas)
755 3497 796 3549 Ex
816 3495 860 3547 his
877 3489 1120 3566 apparst'Adoipco
1137 3493 1184 3550 πό·

79 3573 136 3622 tius
153 3565 206 3644 ,ην
224 3568 396 3622 scriberent
652 3570 694 3630 λις
718 3582 778 3618 esse
804 3565 930 3618 Persidis
949 3572 1058 3627 terrae,
1076 3567 1186 3620 etiamsi
1299 3617 1302 3622 ,

115 3641 158 3703 ll)
184 3639 255 3694 Post
275 3633 323 3706 iv,
348 3637 422 3690 adde
439 3633 617 3706 Χερρόνησον
650 3637 680 3689 id
700 3652 753 3687 non
775 3639 873 3701 aperte
893 3634 1044 3686 diceretur.

79 3704 216 3776 ἐπίσημον
233 3702 270 3773 α’,
287 3723 322 3760 ax
340 3706 410 3758 (lod.
426 3707 511 3758 Horu.
534 3708 620 3758 tloe·
691 3701 809 3768 ⁶)''Ecu
828 3699 858 3755 di
885 3701 933 3756 καί
955 3697 1021 3756 ’Ἄδα
1040 3720 1059 3754 α
1077 3693 1186 3754 oddoni·

78 3775 196 3828 schel.
216 3775 293 3826 idem
312 3773 397 3827 hahet
412 3774 501 3826 sodex
520 3775 620 3835 Paris..
654 3793 724 3842 ρας,
750 3767 827 3840 τιοίμη
843 3767 957 3839 μεγάλη.
982 3721 1064 3838 τρίτη
1080 3771 1187 3824 Παλαι-

79 3845 128 3898 scd
166 3844 263 3895 omisit
303 3844 500 3896 lindsonus
532 3848 618 3910 atque
655 3843 755 3909 στίνης.
793 3838 1062 3907 corruptissimeita
1079 3840 1109 3889 in
1129 3839 1188 3890 adi·

78 3913 174 3965 editor
195 3913 275 3965 Vien.
612 3921 615 3930 ·
654 3913 692 3962 tis
713 3915 916 3962 excusumest.
952 3905 1187 3958 Nonincornmo-

113 3983 138 4050 ⁸)
157 3982 240 4034 llaec
264 3981 437 4050 fragmenta,
464 3985 495 4030 ut
514 3985 618 4040 cetera,
652 3979 689 4032 de
707 3985 801 4030 tamen
820 3988 855 4028 ex
874 3973 952 4028 MSS.
980 3975 1015 4026 ad
1033 3977 1187 4037 sanitatem

79 4066 115 4103 er
141 4047 286 4117 Stephano
312 4051 434 4117 Byzant.
469 4047 618 4114 desumpta
653 4047 779 4098 revocer-i
799 4047 920 4112 poterit,
937 4043 962 4093 si
984 4043 1111 4111 legatur:
1130 4041 1187 4098 ἔστι
1271 4083 1277 4094 .

80 4128 153 4172 aunt.
198 4119 374 4170 Confirmant
409 4116 494 4169 etiam
533 4115 617 4179 haec,
653 4113 684 4170 di
705 4113 756 4168 καί
774 4108 879 4180 ΙἈλαρα
912 4103 1083 4180 οὐδετέρας,
1111 4108 1188 4178 τιτάμη

80 4186 252 4254 Stephanum
279 4185 412 4239 hahuisse
431 4185 460 4238 in
488 4186 617 4240 manibus
650 4179 755 4252 μεγάλη
772 4181 865 4249 τρίτης
875 4131 1081 4248 ’Παλαιστίνης
1107 4181 1187 4230 lianc

79 4255 166 4308 alium
205 4254 343 4308 Marciani
380 4254 501 4315 librum,
535 4269 616 4322 quam
652 4254 801 4304 lectionem
828 4247 983 4300 Salmasius
1001 4251 1028 4299 io
1049 4246 1187 4300 Palatinis

79 4323 116 4376 ad
134 4340 187 4377 nos
212 4323 386 4392 pervenerim
417 4330 617 4376 commemorat
652 4328 681 4374 et
698 4335 750 4372 nos
766 4320 794 4368 in
815 4316 956 4370 Vrrrsiaoo
974 4317 1138 4370 invenimus.
1153 4340 1186 4355 -
