2872 4814
351 329 441 388 ΤΗΣ
465 329 687 392 morasus
712 329 957 395 canaam
1142 325 1206 400 att
1265 367 1267 372 ,

104 507 270 578 ἘκῬόόοο
294 510 346 578 ἐπὶ
371 510 654 594 νῆσονζῬόποοσαν
678 511 759 579 stol.
774 508 827 590 τό,
866 513 920 581 Ἐκ
944 509 1050 582 Ῥόόοο
1074 515 1118 593 εἰς
1141 513 1205 581 Φό-

105 619 194 678 σοον1
219 615 300 679 evol.
322 606 378 678 ον’.
399 611 451 678 Ἐκ
466 611 570 678 Ῥόδου
590 613 784 699 εἰς”Αγνην2
804 616 885 679 orel.
902 609 954 681 τό.
974 611 1141 681 auriono
1161 618 1206 696 εἰς

106 779 148 838 dia
160 779 225 840 350.
245 777 390 840 Ellhotlo
405 779 700 860 udPhyeeurastudiu
715 781 781 840 450.
802 780 828 838 E
847 780 952 842 Rhodo
970 781 1007 841 sd
1023 783 1129 862 Agneu
1143 793 1205 844 sta·
1280 777 1283 786 ’

136 991 160 1056 l)
180 993 217 1044 ut
241 990 288 1045 hic
314 993 473 1045 stadiorum
501 1008 633 1046 numerus
667 992 719 1045 illa
730 990 814 1044 Plinii
830 992 918 1046 rerba
931 993 1052 1063 firmant,
1069 995 1103 1059 V,
1116 1012 1142 1050 c.
1154 999 1204 1049 21:

105 1061 195 1128 etqui
220 1063 392 1114 antecedunt
415 1062 485 1114 recti
512 1062 635 1115 habendi
668 1062 705 1114 Et
721 1062 819 1113 eodem
839 1068 934 1120 tractu
960 1066 1047 1129 (eirca
1063 1064 1204 1130 Rhodum)

105 1138 172 1183 sunt.
216 1129 318 1182 Strabo
351 1130 491 1198 Physcum
518 1131 635 1198 oppidu·
668 1130 762 1182 merila
778 1132 855 1181 inter
874 1127 1001 1183 Rhodum
1028 1134 1206 1202 Cnidumque

106 1197 158 1248 lom
190 1205 304 1266 portum
323 1206 364 1252 ¹et
392 1201 483 1252 lucum
507 1199 634 1252 Latonae
668 1199 771 1253 sime.
809 1199 939 1267 Cingitur
958 1199 1096 1255 xxxvii
1120 1203 1206 1254 milli·

105 1263 202 1318 habere
227 1268 305 1320 dicit.
341 1269 421 1336 Apud
441 1267 634 1320 Ptolemaeum
667 1267 721 1318 hus
739 1280 870 1334 passuum
887 1265 997 1336 (paullo
1015 1271 1079 1338 plus
1093 1280 1203 1338 septem

106 1335 232 1402 seriptum
244 1343 302 1387 est=
320 1333 440 1391 Φοόσκοι.
461 1337 541 1400 Quod
556 1335 633 1390 sick-
667 1335 802 1388 milliaria
819 1338 1004 1404 germanica).
1034 1340 1139 1410 ¹Portus
1157 1340 1206 1392 be·

105 1403 175 1454 leros
192 1404 267 1457 dixit
291 1405 344 1456 hoc
370 1406 503 1473 oppidum
533 1421 551 1457 a
573 1406 634 1457 ste·
667 1406 752 1473 nigue
772 1404 890 1471 praebet
908 1413 983 1459 octo.
1009 1408 1045 1459 Et
1063 1410 1118 1459 huc
1136 1423 1205 1476 quo·

105 1469 404 1538 phanol‘hysciam
421 1475 487 1534 dici,
501 1474 535 1526 de
550 1489 585 1526 ea
603 1488 634 1526 re
668 1489 723 1541 que
749 1473 896 1525 Strabonis
931 1475 1018 1527 rerba
1050 1476 1206 1544 pertinent.

104 1538 276 1593 vehementer
292 1543 416 1594 dubitari
433 1545 537 1611 potest.
558 1545 635 1594 Haeo
668 1541 796 1611 XlV,·p.
823 1541 889 1594 oto:
923 1539 1007 1597 Metel
1041 1539 1073 1599 δ’
1090 1533 1143 1598 οὖν
1169 1539 1206 1599 τὰ

104 1615 192 1659 autem
210 1616 276 1661 sunt
294 1609 430 1677 Stephani
453 1611 554 1664 verba:
581 1613 636 1664 Φο·
668 1606 792 1678 Λοόρομα
816 1605 848 1663 τό
866 1605 960 1674 Κυνός
985 1615 1058 1682 σῆμα
1082 1610 1208 1668 ἐστικαὶ

104 1675 183 1738 uuio,
203 1675 285 1740 πόλις
309 1680 431 1748 Λυκόας,
461 1673 506 1748 ἐφ’
523 1674 637 1748 όψηλοό
668 1677 749 1747 Σύμη
766 1681 858 1748 νῆσος.
896 1681 1023 1748 Denique
1047 1682 1133 1734 etiam
1157 1699 1206 1734 nu·

105 1739 187 1811 όροος
215 1743 339 1818 κειμένη·
378 1744 418 1802 Τό
442 1741 558 1803 &herulo
583 1744 636 1800 Φό-
669 1763 763 1799 merus
778 1749 947 1811 stadiorum,
965 1750 995 1800 id
1011 1751 1085 1818 quod
1106 1766 1207 1819 propu-

104 1828 185 1875 οκιος.
228 1816 353 1868 Primum
395 1833 496 1870 nomen
533 1815 637 1878 diflert,
669 1817 786 1885 suinrus,
806 1816 962 1869 confirmat.
983 1818 1207 1870 Nameumtum

104 1881 202 1934 deinde
226 1881 348 1950 Phyteia
372 1885 478 1937 dicitur
502 1885 637 1953 oppidum
670 1884 775 1935 Cnidus
806 1899 824 1935 a
857 1883 958 1937 Rhodo
1002 1889 1207 1956 quinquaginta

104 1948 206 2016 Lyciae
224 1954 310 2020 (quod
339 1970 505 2024 quamquem
524 1961 638 2021 praeter
670 1953 764 2005 stadia
802 1953 902 2006 abesse
936 1955 1047 2007 dicutur
1088 1971 1208 2025 euntque

105 2017 272 2086 Stephanum
296 2038 377 2076 nonio
406 2039 498 2092 neque
523 2026 553 2074 in
580 2023 636 2088 Ly·
670 2022 757 2088 Syme
774 2023 868 2074 media
891 2024 969 2076 inter
993 2024 1109 2076 cnidum
1133 2027 1207 2077 liho-

105 2087 148 2137 cia
179 2104 268 2156 neque
306 2092 336 2141 in
369 2091 426 2144 ulla
466 2092 523 2143 alia
559 2096 637 2143 terra
671 2090 793 2156 dumque
818 2091 919 2154 iaceat,
951 2095 1086 2162 navigans
1111 2103 1208 2146 autem

105 2165 318 2226 commemorat,
345 2165 439 2213 tamen
458 2176 492 2213 eo
514 2175 569 2211 non
595 2157 637 2210 el·
670 2173 725 2210 non
745 2159 854 2210 directo
873 2175 956 2212 eursu
976 2161 1005 2212 iu
1021 2164 1126 2227 Symen
1147 2177 1209 2214 rer·

105 2223 204 2293 ficitur,
221 2233 270 2278 aut
291 2226 440 2295 Phystiom
465 2243 520 2281 non
548 2225 637 2280 fuisse
670 2243 732 2289 sus,
758 2227 806 2278 sed
834 2236 900 2279 ante
925 2228 961 2280 ad
985 2231 1208 2295 septentrionem

104 2294 236 2360 oppidum
257 2295 363 2362 Lyciae
389 2305 439 2360 aut
469 2313 530 2350 eam
557 2310 636 2362 opor·
671 2311 705 2347 ac
722 2302 780 2345 turn
802 2294 871 2346 iiiuc
886 2309 1003 2350 cursum·
1017 2305 1127 2350 teneret
1141 2313 1207 2366 por·

105 2368 162 2414 tere
188 2363 263 2415 idem
289 2366 420 2432 oppidum
446 2375 530 2434 atque
562 2363 637 2431 Phy·
670 2369 771 2431 tusque
798 2364 895 2429 Symes
922 2364 958 2415 ad
985 2367 1208 2433 septentrionem

105 2445 177 2480 scum
195 2431 276 2495 esse)
295 2440 353 2486 tum
379 2435 475 2488 statim
504 2432 637 2502 posthoc
671 2439 756 2494 esset,
773 2433 833 2484 iure
847 2433 1027 2485 intervallum
1043 2435 1134 2486 CCCL
1151 2443 1208 2488 sta·

104 2514 201 2552 nomen
225 2499 295 2552 haec
313 2504 385 2570 apud
402 2502 575 2570 Stephanum
594 2501 634 2553 le·
671 2501 780 2552 diorum
799 2503 888 2552 statui
905 2502 1027 2556 videtur.
1062 2505 1153 2572 Atque
1178 2504 1209 2556 in

105 2575 220 2649 guntur:
245 2565 365 2638 Φόοκος,
383 2569 464 2634 πόλις
487 2571 635 2637 Λοκρίδος,
669 2567 713 2625 his
743 2570 871 2622 comibus
899 2571 984 2623 rebus
1015 2571 1136 2625 forsitan
1158 2586 1208 2624 no·
1276 2626 1278 2643 ρ

105 2629 159 2688 enh
178 2633 287 2690 Φόρκου
306 2643 358 2693 τοῦ
375 2634 516 2704 lietwino,
533 2633 636 2706 Ἀμφικ-
670 2639 715 2689 bis
740 2635 820 2690 multi
846 2644 1053 2704 assentiantur,
1097 2641 1149 2694 sed
1174 2641 1210 2692 ii·

104 2699 214 2771 τόοοος,
241 2710 293 2760 τοῦ
316 2711 518 2772 Δευκαλίωνος.
559 2705 638 2760 Ἔστι
673 2707 736 2758 dem
761 2707 897 2772 obiicient
927 2709 1024 2772 nobis,
1058 2709 1164 2777 Syracu
1190 2725 1209 2764 e

104 2771 150 2825 καὶ
187 2770 269 2840 ἑτέρα
299 2773 406 2840 Φόσκος
442 2779 491 2846 τῆς
520 2775 639 2842 Καρίας.
673 2775 752 2826 ηοΙΙο
793 2777 936 2843 scriptore
976 2780 1100 2846 Agnen
1142 2777 1208 2832 dici.

107 2841 235 2893 Videmus
267 2845 373 2913 igitur,
410 2845 482 2899 hano
513 2853 636 2895 nostram
675 2843 831 2907 eunocum
849 2845 1044 2916 concedamus,
1062 2856 1209 2902 utconce·

106 2907 244 2976 l'hyseum
272 2909 344 2967 ben‘e
374 2923 469 2968 notam
496 2912 636 2980 Stephano
671 2912 793 2964 dendum
808 2919 868 2975 est,
885 2920 978 2967 tamen
997 2931 1030 2968 eo
1045 2917 1210 2984 opinionem

106 2977 199 3032 luisse.
671 2989 799 3033 nostram
819 2981 959 3035 confutari
975 3001 1126 3054 negamus,
1144 3001 1210 3038 nam

137 3049 163 3108 2)
182 3051 260 3110 Quae
278 3047 347 3103 haee
364 3053 442 3119 Agne
466 3053 504 3103 sit
522 3058 571 3103 aut
588 3050 637 3102 uhi
672 3050 746 3103 infra
771 3053 882 3118 saepius
914 3051 1092 3118 docebimus,
1128 3071 1210 3124 quas·

106 3114 173 3176 sita,
202 3133 217 3167 a
238 3119 317 3169 nullo
342 3123 480 3186 scriptore
504 3121 636 3173 traditur.
672 3121 736 3171 dam
755 3121 862 3172 insulas
880 3121 916 3172 ab
934 3121 989 3175 hoc
1013 3124 1150 3191 striptore
1172 3125 1210 3186 iis

106 3183 237 3235 Mensura
251 3194 328 3239 vetat
344 3189 431 3240 ullum
450 3191 540 3240 locum
556 3189 639 3239 intel·
671 3189 831 3239 nominihus
849 3191 1002 3256 appellari,
1023 3207 1095 3258 quae
1120 3209 1137 3244 e
1162 3208 1210 3244 ne·

108 3251 165 3320 ligi,
184 3255 278 3320 quirin
297 3258 489 3322 promontorio
506 3261 637 3324 Cynos·
675 3259 749 3314 mirre
774 3258 832 3308 alio
859 3267 1123 3314 commemorantur.
1166 3265 1210 3314 Au

107 3322 355 3375 senratoluerit.
387 3325 530 3378 Neerero
551 3327 636 3377 etiam
675 3334 719 3376 est
756 3322 830 3376 forte
865 3325 968 3394 Alpino
1005 3328 1209 3380 scribendunrl

106 3399 204 3440 auctor
227 3393 328 3460 peripli
350 3394 425 3445 intra
448 3396 537 3445 sinunt
563 3395 638 3444 duri·
673 3393 746 3460 quod
763 3408 864 3445 nomen
879 3393 1021 3461 stephano
1036 3402 1109 3447 teste
1124 3397 1210 3463 Syme

108 3457 166 3508 (lem
185 3461 361 3528 navigarisse
385 3472 493 3529 potest,
522 3479 583 3514 curo
602 3462 637 3512 ab
673 3460 780 3512 hahuit.
799 3458 896 3532 Σόμη,
919 3462 1029 3530 inquit,
1047 3465 1131 3532 νῆσος
1150 3468 1210 3518 Κα·

107 3540 139 3575 eo
164 3530 277 3579 omnino
305 3530 408 3582 nullius
433 3525 504 3592 loci,
529 3535 576 3599 qui
601 3529 638 3580 ad
674 3524 753 3616 pnrp',
770 3525 807 3592 ιός
831 3527 969 3602 Στράβων
987 3527 1033 3594 ιδ’,
1054 3531 1102 3586 καὶ
1124 3529 1207 3596 πόλις

106 3609 165 3646 eum
203 3599 274 3648 situs
302 3606 406 3662 esset,
438 3601 545 3651 mentio
578 3601 636 3651 liat.
673 3614 835 3666 ομωνομος·
854 3595 1014 3669 ω’νόμοισται
1032 3596 1064 3653 δὲ
1080 3595 1138 3654 elno*
1153 3597 1210 3654 Σό-

109 3665 213 3725 Quibus
245 3667 279 3717 de
309 3669 402 3718 causis
435 3669 639 3729 existimamus,
671 3687 723 3736 μης
745 3669 798 3720 τοῦ
820 3663 952 3723 'Iatinon
987 3667 1046 3722 Καὶ
1071 3665 1211 3738 πότερον
1280 3678 1284 3684 ’

107 3731 223 3784 insulam
250 3735 354 3800 Symen
376 3736 498 3804 intelligi
524 3737 635 3792 debere.
655 3733 721 3811 pir
737 3731 862 3792 ἐκαλεῖτο
879 3736 1068 3804 Μεταπονοὶς,
1086 3688 1147 3792 eleo
1163 3738 1210 3792 At-

107 3799 209 3854 Mirom
227 3808 299 3853 enim
317 3819 385 3856 sone
403 3814 496 3872 esset,
521 3821 581 3856 cum
606 3808 636 3858 in
671 3806 730 3873 ptn.
771 3806 817 3860 De
855 3815 909 3876 quo
950 3814 1071 3873 utroque
1097 3808 1209 3861 nomine
1245 3867 1248 3876 Κ

108 3865 157 3920 hoc
174 3872 283 3938 periplo
301 3885 396 3926 unrnes
413 3875 490 3926 cirea
508 3873 637 3926 Rhodum
671 3888 761 3941 pauca
780 3874 901 3928 dicenda
923 3874 1066 3930 ridentur.
1107 3875 1212 3940 Hercle

107 3936 212 3991 insulae
231 3949 500 4005 commemorentur,
525 3942 639 4009 Symen,
677 3959 695 3993 a
718 3943 805 3994 verbo
827 3939 930 4006 πόντος
953 3941 1109 3996 ducendum
1133 3944 1213 3998 femi·

108 4013 162 4056 tam
187 4008 310 4061 nobilem
334 4010 473 4073 insulam,
497 4025 553 4061 non
577 4027 639 4065 esse
676 4011 790 4079 uinique
829 4027 890 4064 esse
921 4011 1052 4080 generis,
1086 4014 1135 4064 vix
1167 4020 1211 4068 est

109 4086 359 4132 commemoratam.
394 4081 517 4131 Aecum
542 4082 637 4132 stetim
675 4081 750 4147 quod
769 4079 902 4133 dicamus.
933 4080 1075 4133 ldautem
1093 4083 1212 4134 iocabu-

109 4151 171 4208 post
191 4145 297 4198 Cnidus
318 4156 571 4210 cornmenroretur‚
589 4149 640 4200 aii·
673 4149 733 4200 lum
752 4148 860 4214 duplici
885 4149 971 4201 modo
996 4150 1134 4217 explicari
1163 4149 1212 4202 de·

110 4225 163 4278 qut
178 4215 292 4270 ratione
313 4218 486 4270 seutentiam
514 4223 640 4288 nostram
673 4218 723 4272 bet
739 4217 826 4288 (quud
845 4217 876 4270 ui
894 4224 984 4288 esset,
1001 4219 1088 4273 rerba
1113 4218 1150 4284 ab
1173 4231 1210 4272 eo
