2852 4816
752 391 811 444 XX

298 571 329 626 P.
348 573 381 625 91
400 571 443 626 cd.
463 579 545 636 nost.¹
564 589 590 641 p.
613 573 655 626 66.
674 571 718 626 ed.
736 571 812 626 Mili.
829 571 871 625 sie
888 573 1024 641 scripturn
1043 577 1101 626 cst:
1128 569 1163 626 τά
1181 569 1213 628 δὲ
1230 567 1337 628 άνοιτο·

231 655 365 727 λικῶτερα
388 655 496 713 τούτων
521 654 662 728 ἄγνωστός
684 654 742 712 ἐστι
767 659 810 726 γῆ,
835 657 933 726 λίμνας
956 653 1057 726 ἔχουσα
1081 653 1206 726 όλῶδεις,
1234 655 1264 712 ἐν
1288 658 1338 722 αἶς

230 739 350 810 κάλαμοι
373 740 488 812 μεγάλοι
511 740 646 813 φόονται,
670 740 719 795 καί
737 745 857 811 συνεχεῖς
880 735 977 808 οὕτως,
995 735 1066 796 ῶστε
1084 736 1221 812 ἐχομένων
1238 737 1337 797 αότῶν

228 828 377 879 ποιεῖσθαι
402 821 452 890 τάς
476 824 698 897 διαπεραιῶσεις.
733 825 796 880 iarn
821 824 1007 880 iioescbelius
1030 827 1190 894 conjecerat
1207 830 1335 880 scriben-

230 909 295 961 dum
320 927 380 964 esse
405 900 565 981 ἐχομένους,
591 925 675 980 quaro
700 912 889 978 conjecturam
914 908 1005 962 codex
1030 912 1206 966 confirmarit
1227 913 1335 965 Parisi-

229 993 283 1046 nus
301 1009 439 1064 quamque
457 997 579 1049 Haasius
594 996 658 1064 jure
671 995 813 1048 existimat
830 996 988 1062 oportuisse
1006 995 1104 1063 recipi.

297 1079 328 1133 Ρ.
347 1080 378 1132 51
400 1081 444 1134 ed.
466 1086 538 1131 nost.
557 1079 599 1130 sic
618 1079 797 1147 scripsimus:
818 1079 882 1131 Τῶν
900 1077 931 1133 δὲ
949 1073 1106 1148 ἀριστερῶν
1122 1081 1171 1148 τῆς
1185 1074 1272 1142 Ἀσίας
1285 1098 1333 1148 με·

229 1165 286 1230 ρῶν
303 1163 351 1218 καὶ
371 1166 419 1238 τῆς
435 1163 555 1234 ἠπείρου
577 1162 625 1217 καί
642 1165 699 1217 τῶν
715 1157 867 1216 θαλάσσιον
883 1158 964 1225 θέσις
981 1159 1083 1218 τοῶτόν
1110 1181 1169 1227 τινος
1190 1162 1335 1221 διάκειται

230 1245 282 1300 τόν
307 1245 425 1314 τρόπον.
461 1248 493 1298 ln
519 1245 663 1298 codicibus
684 1251 781 1298 autern
803 1245 933 1297 omnibus
951 1244 1106 1318 babetur-ri
1122 1247 1171 1302 καλ
1190 1249 1238 1317 τῆς
1255 1243 1334 1317 ἠπεί-

229 1327 296 1398 ρου,
322 1346 374 1400 pro
393 1346 448 1399 quo
467 1332 596 1384 Millerus
614 1333 728 1400 scripsit
746 1323 765 1399 ἢ
782 1331 839 1382 τῶν
855 1335 907 1382 eet.
934 1331 1042 1384 Haasio
1060 1333 1144 1401 plane
1162 1335 1335 1386 assentimur

229 1415 259 1464 in
276 1428 322 1476 eo,
344 1415 419 1482 quod
437 1411 456 1484 ἡ
473 1415 562 1469 fuisse
583 1416 760 1470 retinendum
780 1415 931 1466 existimer.
1305 1439 1307 1444 ·

298 1499 392 1552 1¹.55.
414 1500 456 1556 ed.
475 1507 550 1555 nost.
578 1507 610 1554 er
631 1503 664 1555 26
687 1501 733 1554 εδ.
759 1500 833 1554 Mili.
852 1499 894 1550 sic
912 1503 973 1553 est:
1004 1501 1066 1553 Τοῶ
1080 1493 1207 1570 ’Λραβίου
1226 1498 1334 1555 κόλπου

230 1579 279 1634 καί
302 1583 359 1636 τῶν
383 1575 537 1653 άριστερῶν
558 1587 651 1654 μερῶν
674 1585 730 1637 τῶν
753 1577 832 1651 παρά
856 1579 907 1651 τὴν
924 1577 1092 1651 Εόδαίμονα
1114 1576 1241 1655 Ἀραβίαν
1257 1586 1335 1652 περί-

230 1667 327 1729 πλους.
362 1668 395 1718 ln
416 1671 512 1722 codice
533 1671 620 1725 Pieris.
643 1669 776 1722 omissum
797 1673 841 1720 est
866 1667 914 1721 καί
932 1673 998 1720 ente
1023 1669 1083 1721 τῶν·
1096 1661 1258 1737 άριστερῶν.
1293 1674 1334 1724 ric

231 1749 373 1820 conjicere
401 1752 468 1807 licet
491 1755 521 1807 id
549 1757 577 1806 in
604 1756 707 1807 ceteris
726 1769 834 1823 quoque
853 1752 952 1805 abesse
970 1752 1054 1806 libris
1071 1751 1253 1821 additumque
1271 1770 1333 1808 esse

230 1837 265 1888 ab
288 1837 469 1892 Hocscbelio.
509 1837 564 1890 Sed
582 1845 646 1891 utut
664 1845 716 1903 est,
735 1838 844 1890 Haasio
865 1853 939 1888 nunc
956 1833 1196 1923 bocussentiruur,
1214 1844 1332 1892 auctore

231 1921 328 1973 codice
347 1921 438 1977 Puris.
456 1922 505 1977 κοιλ
522 1939 584 1975 esse
607 1923 764 1976 delendum.

299 2008 330 2061 P.
353 2009 387 2060 55
408 2009 453 2061 ed.
481 2015 563 2076 nost„
591 2024 618 2076 p.
635 2011 669 2060 2¹1
687 2007 732 2060 ed.
751 2005 824 2058 Mili.
851 1999 880 2070 ἐξ
897 2001 1034 2072 ἑκατέρων
1052 2001 1084 2058 δὲ
1101 1999 1256 2074 αότῆςτοῶ
1273 2007 1333 2062 loo-

230 2091 287 2158 μοῶ
302 2091 359 2143 τῶν
375 2095 467 2161 μερῶν
487 2087 589 2146 κόλποι
609 2087 664 2157 δίο
682 2085 916 2160 παραβέβληνται·
934 2089 984 2142 καλ
1000 2085 1108 2142 τούτων
1129 2085 1146 2142 ό
1161 2087 1213 2156 μὲν
1230 2086 1260 2144 ἔτι
1276 2091 1333 2146 τ’ῶν

230 2169 303 2240 πρὸς
326 2169 377 2242 τὴν
398 2172 519 2245 ἑσπέραν
541 2179 633 2246 μερῶν
650 2171 772 2247 Ἀράβιος
788 2177 915 2228 καλεῖται
932 2169 1035 2235 κόλπος
1053 2168 1069 2226 ό
1087 2172 1296 2244 προειρημένος,
1315 2175 1333 2231 ό

232 2254 263 2326 δὲ
280 2251 352 2326 πρδς
367 2253 417 2327 τὴν
435 2255 470 2314 ἕω
487 2256 629 2328 νευευκῶς,
646 2253 783 2328 Περσικὸς
796 2254 900 2321 κόλπος
918 2251 1098 2326 ὀνομάζεται·
1123 2253 1159 2310 τά
1183 2275 1213 2312 τε
1230 2256 1332 2327 μεταξδ

229 2337 325 2396 πάντα
349 2335 405 2398 άπό
423 2337 556 2416 Ἀραβίου
581 2341 670 2414 μόχου
698 2339 778 2411 μέχρι
809 2343 862 2396 τοῦ
885 2329 1092 2411 προειρημένον
1106 2343 1247 2412 Περσικοῦ
1271 2342 1332 2399 κόλ-

229 2442 290 2495 που,
308 2421 374 2480 καθ’
396 2421 521 2496 ὃμὲρος
537 2425 587 2490 τάς
605 2422 721 2499 ἐκβολάς
744 2422 760 2479 δ
786 2425 883 2492 Τίγρις
900 2430 1023 2480 ποιεῖται
1040 2421 1175 2494 ποταμός,
1192 2431 1331 2495 περικλεῖ·

140 2577 143 2584 .
229 2529 287 2572 ται,
305 2509 534 2580 χερσονησοειδῆ,
555 2506 592 2572 ῶς
609 2509 785 2579 προείρηται,
803 2506 984 2578 τυγχάνοντα.
1020 2509 1053 2561 {n
1077 2511 1223 2564 codicibus
1241 2516 1331 2568 tribus

230 2595 360 2648 omnibus
378 2598 419 2647 sic
438 2589 493 2647 est‘:
511 2593 704 2663 χερσουοείδης
730 2596 805 2662 (narn
822 2593 899 2662 quo'd
918 2598 961 2645 est
977 2593 1007 2644 in
1025 2593 1116 2648 Puris.
1135 2599 1332 2666 χερσονοείδες,

230 2677 379 2746 γευσαίατο
397 2679 545 2746 scriptoris
572 2677 627 2744 cst)
644 2706 679 2718 —
701 2674 891 2746 τυγχάνουσα,
918 2692 1002 2744 quarn
1020 2679 1189 2748 scripturam
1207 2683 1332 2736 Hessius

203 2790 205 2798 ο
229 2769 307 2816 recte
331 2765 373 2816 ita
398 2757 512 2829 tuctur,
536 2769 568 2816 ut
584 2763 731 2817 Marciano
751 2762 829 2815 dicat
845 2761 1025 2831 cogitatione
1037 2764 1218 2817 obversatum
1236 2759 1335 2838 esseni

231 2843 373 2917 εόδαίμιον
386 2842 504 2918 Ἀραβία.
523 2849 650 2918 Namque
666 2848 752 2901 etiarn
772 2841 858 2918 κότῆς
874 2847 958 2917 [quod
967 2846 1051 2915 paulo
1070 2854 1136 2916 post
1152 2852 1279 2920 sequitur
1292 2868 1334 2906 re·

152 2997 156 3004 ι
231 2933 376 2987 ferendum
395 2934 432 2987 ud
449 2935 524 2987 idern
542 2935 699 3002 subjectum
716 2939 768 2988 est.

298 3019 331 3071 P.
347 3020 391 3073 43.
418 3019 461 3072 ed.
480 3019 554 3072 Mili.
580 3019 708 3071 additum
734 3026 779 3072 est
802 3025 903 3073 contro
926 3034 1021 3072 omnes
1046 3017 1160 3072 codices
1188 3016 1246 3076 ἐστί
1269 3029 1333 3090 post

231 3097 365 3172 Ἰνδικῆς,
393 3103 468 3172 quod
494 3117 556 3156 cunr
576 3105 635 3172 jam
653 3116 704 3156 nos
721 3105 967 3173 improbassemur,
984 3119 1058 3156 nuuc
1074 3104 1151 3156 idem
1169 3107 1206 3158 ab
1223 3108 1331 3163 Hausio

234 3187 344 3241 facturn
363 3196 415 3242 est.
890 3233 891 3240 ,
935 3243 937 3250 ,
1409 3243 1410 3248 η

238 3307 240 3314 =
297 3275 328 3326 ln
346 3272 509 3326 cod.Pa1·is.
528 3275 573 3324 ter
590 3270 725 3338 scriptum
743 3277 787 3326 est
803 3267 891 3326 ἑῶτου
908 3285 959 3337 pro
978 3265 1058 3340 ἑφόυ,
1076 3286 1103 3339 p.
1111 3270 1145 3324 58
1153 3273 1197 3328 ed.
1212 3276 1296 3340 Mili,
1304 3292 1329 3344 ρ.
1409 3263 1410 3272 ἶ

231 3357 265 3412 96
277 3357 322 3410 ed.
331 3363 403 3412 nost.
414 3375 421 3422 ;
438 3372 466 3424 p.
477 3358 507 3408 ll
519 3356 562 3409 ed.
571 3355 654 3419 Mili,
663 3371 690 3423 p.
699 3356 782 3412 iberi.
791 3362 882 3420 νοντας
899 3371 927 3423 ρ.
937 3357 967 3412 11
976 3357 1021 3412 ed.
1031 3357 1246 3420 nost.‚ed.Miii.
1255 3377 1281 3428 p.
1290 3363 1331 3414 25.

232 3443 370 3496 Omnibus
393 3441 437 3496 his
460 3442 532 3495 locis
556 3457 618 3495 cunr
643 3443 678 3496 ab
702 3441 861 3496 editoribus
888 3435 959 3510 ἐρίου
984 3460 1014 3496 τε
1042 3439 1092 3496 καί
1116 3446 1169 3495 cet.
1196 3445 1333 3512 scriptum
1382 3439 1383 3446 '

232 3531 285 3594 sit,
302 3529 333 3580 id
352 3527 533 3596 reprehendit
550 3527 673 3583 Hessius
691 3540 754 3578 curn
771 3529 852 3592 putet
868 3541 898 3578 τε
915 3525 1010 3577 omitti
1031 3524 1143 3592 debere,
1161 3527 1237 3594 quod
1255 3537 1332 3583 certe

231 3615 261 3664 in
280 3613 379 3665 codiee
398 3613 489 3666 Paris.
515 3613 577 3665 iota
602 3609 761 3686 subscripto
781 3614 873 3659 ortum
899 3609 946 3663 sit.
981 3609 1014 3662 in
1032 3623 1087 3678 quo
1104 3624 1160 3662 uon
1179 3612 1332 3666 essentien-

233 3695 296 3748 dum
315 3703 448 3766 putamus
464 3713 525 3752 esse
543 3697 662 3753 Hanno.
689 3694 792 3750 sedid
809 3692 940 3747 hocloco
958 3694 1118 3746 addendum
1136 3710 1288 3762 censemus,
1307 3715 1332 3766 μ.

232 3777 276 3832 96.
294 3788 367 3837 nost.
393 3781 438 3836 ed.
464 3797 516 3851 pro
533 3776 594 3836 κατ’
618 3777 690 3854 ἓςίου
707 3799 736 3836 τε
753 3780 801 3836 καί
824 3775 862 3836 ui.
880 3779 1061 3858 scribendum
1079 3793 1141 3842 esse
1159 3769 1286 3851 άριιτρόου
1304 3801 1332 3836 τε

233 3863 281 3918 καί
304 3861 342 3919 ui.
950 3865 953 3874 '

302 3949 334 4003 Ρ.
353 3950 385 4002 31
404 3949 473 4003 edit.
493 3955 565 4004 nost.
585 3950 626 4004 sic
644 3950 782 4018 scriptum
802 3954 861 4002 est:
879 3951 931 4002 τοῶ
952 3943 987 4018 δὴ
1004 3944 1087 4018 χάριν
1103 3951 1151 4004 καί
1168 3945 1219 4018 τήν
1238 3947 1332 4006 αἰτίαν

233 4061 268 4074 -·
287 4029 503 4101 ἐντευξομένοις,
525 4037 574 4104 τῆς
596 4032 729 4104 τοιαύτης
751 4027 912 4096 όποθὲσεως
934 4019 976 4086 κλ.Δ
1007 4032 1154 4088 Ρυνλίουλα
1176 4029 1232 4104 γάρ
1256 4043 1285 4088 et
1302 4037 1331 4086 in

234 4117 728 4196 codioeHervuartiestetiuParis.,
745 4133 827 4187 quum
845 4109 1045 4176 cumMiilcrus
1068 4111 1146 4172 reete
1168 4120 1333 4189 recepisset,

233 4204 263 4256 in
282 4217 316 4258 co
334 4203 458 4270 errarit,
482 4203 558 4274 quod
576 4209 642 4262 unte
663 4195 824 4280 άκόλουθυν
848 4197 935 4274 οἶμαι,
949 4203 1004 4284 'ubi
1021 4197 1206 4286 receptorio
1225 4197 1333 4261 commo
