2872 4814
345 357 430 420 ΤΗΣ
455 357 676 422 ΜΕΓΑΛΗΣ
691 357 947 424 :anaweilai
995 401 1004 426 t
1131 361 1194 426 Μ

89 541 168 608 ’And
182 543 321 626 Λαέρτου
330 565 375 616 ι..)
389 543 432 618 τίς
444 531 665 633 liupana'patorl
686 543 767 614 atella
790 540 825 626 ρ’.
847 538 930 610 ’And
943 544 1139 630 Κορααησίοο
1152 547 1194 622 eie

92 639 258 726 Αὸορσινῆτ
269 641 322 718 lai
342 643 455 725 χοιρίον
473 639 619 718 'Auditor
631 643 715 710 veno.
738 638 778 706 π’.
799 637 879 707 Ἀπὸ
891 639 1054 720 Ιἀίιιοξίιοο
1073 645 1117 720 είς
1137 669 1193 727 χω-

92 757 197 836 Laertie
218 776 339 834 castello
360 774 397 831 ad
419 773 606 835 Coracesium
632 775 726 834 stadia
748 775 812 832 100.
852 775 877 834 Α
903 773 1061 835 Coracesio
1081 778 1118 836 ad
1138 779 1195 838 Au-

92 855 177 912 nesim
206 853 243 912 ad
272 853 423 932 castellum
449 851 595 925 Anaxium
625 849 719 910 stadia
738 851 783 908 80.
823 851 866 909 Ab
887 851 1012 910 l&narnis
1034 853 1070 911 ad
1091 857 1195 946 ¹casstel-

92 981 161 1032 enim
183 979 250 1032 inda
281 995 299 1032 a
325 977 442 1030 castello
467 978 582 1032 Laertio
606 996 624 1032 a
657 978 797 1032 Strabone
811 985 841 1032 et
861 995 879 1032 a
894 979 1060 1033 Ptolemaeo
1077 996 1196 1038 comme·
1267 1019 1268 1032 ,

92 1049 223 1102 Strabone
243 1048 319 1100 xlv.
339 1047 431 1114 produ
457 1048 530 1100 duae
548 1049 621 1102 aliae
658 1055 778 1111 morata,
799 1050 1016 1114 potueritfesee,
1033 1052 1090 1102 ndei
1108 1052 1158 1119 qui
1176 1069 1195 1105 a

94 1120 189 1178 urbes,
214 1117 324 1190 Syedra
343 1122 371 1167 et
390 1116 539 1170 Hamaxia.
576 1116 623 1170 Sit
657 1117 826 1169 Reauiortio
841 1117 889 1169 isti
902 1118 1073 1172 attribuitur
1089 1121 1195 1188 quique

95 1189 161 1238 enim
175 1202 193 1239 a
214 1185 251 1237 ud
271 1186 350 1238 illum
369 1194 429 1237 estt
449 1180 532 1238 Μετὰ
550 1179 623 1240 δὲτὰ
658 1186 743 1238 etiam
760 1187 881 1238 numeris
896 1186 1066 1248 Ptolemaei,
1084 1191 1109 1240 si
1123 1191 1196 1243 reoli

92 1257 264 1325 Kapranana
295 1249 412 1320 Σιίεδρα
443 1249 539 1321 πόλις,
569 1248 623 1308 eln’
657 1254 934 1318 sunt,conilrmatnr‚
955 1255 1196 1310 castellnmlnaer·

92 1318 195 1390 Ἀμαξία
219 1319 267 1376 ieri
286 1322 393 1392 βοοτοιλ
409 1323 540 1376 κατοικία
566 1341 622 1390 τις,
659 1323 695 1379 tis
711 1323 799 1378 fuisse
811 1324 840 1378 in
858 1323 911 1376 illo
923 1332 1035 1388 oronte,
1057 1341 1144 1393 supra
1158 1328 1195 1378 si·

91 1387 214 1460 ίφορμοο
231 1388 349 1476 ἔχουσα,
372 1381 448 1444 ὅπου
471 1387 624 1459 κατάγεται
660 1407 724 1442 num
740 1391 848 1444 duabus
863 1393 972 1462 lingula
983 1393 1129 1448 lantonae
1141 1397 1194 1448 eri-

101 1457 332 1529 ‘rnurtnyporpoa
354 1449 424 1524 r‘r'lrp·
460 1457 572 1528 Κέδρος
598 1453 624 1513 δ’
657 1461 815 1530 ςοοίο,,ίο
841 1477 921 1529 quem
946 1469 1098 1544 utrumque
1122 1457 1195 1516 illud

92 1479 160 1584 Zarin
175 1525 194 1597 ἡ
210 1527 325 1595 πλείστη
335 1539 352 1562 '¹
368 1526 416 1580 nul
437 1527 517 1582 deaei
533 1529 624 1584 ταῦτα
657 1530 769 1580 ridetur
783 1528 897 1592 cadere,
917 1537 946 1584 et
965 1533 1040 1600 quod
1051 1549 1075 1584 rs
1088 1549 1106 1585 a
1119 1533 1196 1586 Stra·

94 1592 124 1650 τοὶ
147 1593 217 1666 με’ρη
240 1599 417 1650 πλεονεκτεῖν
446 1598 481 1666 τῇ
504 1593 624 1666 τοιαύτῃ
658 1599 730 1650 bone
747 1597 1196 1656 dieiturnrammaesimilisesse

93 1666 197 1738 ξυλείᾳ·
229 1665 278 1722 καί
309 1658 358 1718 διὰ
384 1658 461 1718 τοῦτ’
485 1657 625 1728 Ἀντώνιος
658 1672 687 1718 et
704 1667 733 1718 in
754 1668 863 1734 periplo
883 1669 1053 1722 nraritimus.
1081 1672 1132 1722 Cui
1155 1673 1197 1724 rei

93 1732 123 1786 ni
152 1733 243 1803 χοιρία
274 1733 365 1786 ταῦτα
392 1734 428 1802 τῇ
455 1731 625 1806 Κλεοπάτρᾳ
658 1738 743 1789 etiam
767 1735 939 1790 stadiasmus
958 1737 1023 1792 inde
1043 1755 1060 1795 a
1077 1740 1197 1792 castella

93 1800 273 1888 spendescere,
295 1796 442 1868 ἐπιτήδεια
461 1796 532 1856 ὄντα
551 1799 623 1924 πρὸς
661 1804 812 1871 usquead
839 1806 1021 1859 Coracesium
1047 1809 1197 1871 eonvenite

93 1889 137 1932 τας
153 1874 210 1925 τοῖο
228 1866 335 1926 στόλον
355 1867 536 1934 κατασκευάς.
562 1888 623 1926 ετα
660 1887 725 1924 nam
741 1873 925 1926 stadiasmum
939 1877 1005 1928 inde
1019 1891 1037 1928 a
1050 1875 1197 1929 Selinunte

93 1935 210 2008 Λαέρτης
224 1935 366 2009 φρούριον
380 1941 405 1990 λι.
420 1957 445 1991 τ.
464 1941 488 1994 λ.
510 1941 623 2006 Syedra
660 1957 749 2010 usque
768 1941 804 1994 ad
824 1943 972 1996 rastellum
986 1961 1041 1998 non
1054 1943 1197 1999 babemus.

94 2009 384 2062 etiamaPtolemaen
400 2007 451 2062 lib.
470 2009 623 2062 V.ennme·
660 2013 699 2064 de
724 2010 846 2063 fortasse
872 2013 997 2066 dubitari
1021 2029 1078 2066 non
1104 2015 1198 2078 debet,

93 2084 181 2140 ratur,
201 2079 250 2145 qni
274 2077 360 2136 etiam
379 2075 486 2139 urbem,
507 2075 623 2132 nornin'e
661 2079 730 2147 quin
748 2079 798 2150 illa
817 2081 934 2148 lotape,
989 2097 1041 2138 uae
1060 2099 1079 2135 a
1103 2083 1197 2138 Ptole·

93 2144 222 2214 lotapen,
249 2146 346 2206 addit,
371 2145 451 2196 euius
485 2162 503 2198 a
528 2147 623 2203 Plinio
661 2148 976 2220 maeol.V.Plinioque
1009 2155 1197 2211 ,ebronense-

93 2229 196 2282 qnoque
213 2218 232 2265 l.
243 2215 277 2277 V,
293 2228 316 2266 o.
335 2215 368 2264 λθ
383 2213 416 2264 lit
431 2215 546 2270 mentio.
566 2217 636 2268 Gur‘
661 2221 797 2280 moratur,
812 2215 842 2268 ia
857 2219 909 2270 illa
922 2221 1082 2287 peninsula,
1096 2223 1125 2272 in
1142 2237 1198 2289 qua

93 2281 154 2336 baec
171 2283 235 2336 luta
253 2283 289 2334 ab
308 2286 427 2335 auctore
445 2281 528 2338 huius
550 2285 625 2354 peri·
660 2283 751 2338 hodie
775 2300 888 2353 qunque
919 2289 1041 2356 vestigia
1067 2295 1197 2343 veterum

95 2351 323 2416 promittantur,
343 2352 625 2417 possuntduaeeau·
660 2369 778 2420 operum
815 2357 950 2421 reperiri,
996 2371 1083 2424 snpra
1122 2359 1211 2427 apud

93 2435 135 2472 sae
158 2419 272 2474 afferri:
313 2427 363 2474 aut
394 2422 469 2472 enim
501 2423 626 2476 nondum
659 2423 898 2478 Beauiertiumle
920 2425 1000 2492 imus,
1021 2425 1139 2480 condita
1156 2425 1198 2478 iu·

94 2496 167 2541 erant
193 2487 264 2542 liaeo
289 2486 549 2557 oppidaeondita,
576 2497 625 2544 aut
660 2492 729 2558 erit,
747 2492 812 2546 sed
836 2441 918 2545 baut}
940 2493 1024 2546 dubie
1050 2494 1197 2562 aliquanto

94 2557 124 2608 ab
140 2573 171 2610 eo
197 2557 407 2626 appulsnnrad
432 2575 466 2611 ea
491 2575 547 2612 non
572 2568 624 2611 est.
660 2567 788 2628 tempore
817 2567 883 2627 poet
914 2567 1037 2614 aetatem
1060 2565 1197 2632 anonymi

94 2625 262 2678 blia'autem
282 2627 413 2694 quaestio
430 2627 542 2688 oritur,
560 2639 623 2682 num
660 2627 751 2685 huius.
772 2630 828 2679 Cur
846 2634 941 2683 antam
955 2631 1107 2694 Hamaxia,
1125 2649 1198 2701 quae

94 2693 624 2764 urbslnaerteidemincusatquelroe
659 2698 732 2762 apud
761 2695 931 2750 Strabonem
964 2706 1047 2760 sunt,
1078 2717 1136 2754 non
1167 2704 1198 2754 in

95 2763 235 2814 castellum
260 2763 309 2816 eit.
343 2765 396 2817 llla
421 2765 497 2818 enim
521 2781 539 2816 a
558 2765 624 2819 Pto·
658 2767 710 2818 illo
730 2765 804 2818 colle
824 2781 975 2834 ponanrus,
997 2774 1098 2836 posta
1116 2771 1198 2824 nobis

95 2827 195 2882 lenaeo
224 2831 324 2897 prdeul
342 2847 360 2884 a
386 2835 455 2882 nrari
483 2833 513 2884 in
539 2835 625 2885 medi·
660 2833 782 2886 dicetur.
1185 2887 1188 2892 .

94 2901 227 2950 terraneis
235 2901 365 2966 partibus
373 2901 492 2952 Ciliciae
507 2917 624 2969 asperae
695 2904 721 2966 1)
741 2903 860 2967 Omnia,
884 2919 957 2973 quae
980 2906 1061 2959 nobis
1081 2907 1116 2961 de
1135 2921 1198 2976 pro·

95 2966 262 3029 collocatur,
281 2975 365 3036 atque
383 2971 426 3022 ita
444 2971 575 3037 quidem,
593 2979 625 3025 nt
660 2974 802 3024 montorio
827 2973 943 3041 Alaya
968 2975 1091 3030 tradidit
1107 2977 1199 3030 Bean-

95 3049 109 3084 a
129 3033 275 3090 Selinnnte
293 3038 395 3090 stadiis
419 3038 472 3090 48⁰
490 3040 624 3094 oeeiden·
659 3040 766 3092 fortius
784 3056 811 3109 p.
832 3043 882 3098 163
895 3059 973 3113 sqq.,
993 3045 1199 3108 demonstrent,

95 3109 145 3156 tem
161 3120 260 3157 versus
285 3113 314 3156 et
338 3107 458 3158 totidem
483 3107 543 3161 lere
568 3117 625 3162 sta·
660 3110 689 3161 id
717 3125 777 3164 esse
801 3118 881 3164 retus
899 3115 1097 3177 Coracesium,
1123 3115 1199 3168 illud

95 3170 144 3222 diis
166 3177 388 3240 septentrionem
418 3190 517 3228 versus
540 3179 624 3233 absit.
660 3179 770 3230 firmum
785 3179 971 3250 ultimumque
981 3183 1138 3250 piratarum
1154 3200 1199 3236 re-

96 3239 177 3301 anan
204 3242 240 3294 ob
265 3257 377 3296 eausam
407 3245 625 3300 existimandum
659 3247 780 3316 fugium.
805 3248 885 3302 conf.
906 3249 968 3302 lair.
987 3251 1092 3304 XXXl.
1111 3254 1153 3316 2⁰.

95 3308 218 3373 ridetur,
243 3313 363 3378 patriam
382 3313 521 3366 Diorenia
540 3316 625 3368 aliam
694 3324 721 3378 2)
742 3315 811 3366 lnde
834 3331 851 3366 a
869 3316 1022 3370 Coracesio
1046 3333 1136 3386 usque
1159 3319 1197 3372 ad

97 3374 178 3430 luisse
205 3379 301 3448 urbem
327 3387 412 3449 atque
441 3353 497 3438 Ϊιοο
522 3386 626 3437 castel·
643 3382 764 3449 ¹flumen
789 3383 931 3437 Melanem
957 3391 1158 3455 praeterquam
1182 3404 1201 3442 a

95 3443 162 3510 lum3
184 3447 259 3514 qnod
284 3449 367 3502 nobis
401 3465 435 3502 eo
460 3452 625 3506 confirmari
660 3453 801 3506 Strabone
834 3453 885 3520 qui
919 3454 1020 3507 urbem
1046 3455 1200 3509 Ptolemai-

96 3513 216 3578 ridetar‚
249 3519 315 3584 quia
340 3519 398 3571 ista
420 3515 531 3589 Λαέρτῃ
563 3527 625 3574 tan·
661 3521 723 3572 dem
750 3528 907 3586 memorat,
941 3539 959 3575 a
976 3527 1088 3576 nemine
1112 3524 1200 3578 ulliua

97 3585 251 3652 tummorlo,
287 3584 340 3638 boe
371 3594 468 3641 autem
499 3589 626 3660 Λαέρτης
659 3589 715 3642 loci
759 3589 838 3658 digni
879 3594 1015 3644 memoria
1054 3593 1086 3644 fit
1122 3607 1200 3648 rnen·

97 3647 229 3720 φροιίριοο
260 3654 471 3723 appellabatur3
507 3675 540 3712 ao
567 3660 624 3712 ior·
657 3659 708 3710 tio.
744 3658 785 3712 Ab
805 3666 922 3712 auctore
947 3661 1051 3728 peripli
1071 3661 1200 3716 ridemus

97 3719 245 3774 tarnenna
268 3723 341 3792 loeo,
368 3720 444 3790 qu‘od
475 3727 522 3778 rix
551 3729 623 3782 alias
657 3729 720 3796 plus
745 3742 831 3778 unum
856 3729 1049 3792 nominatum,
1083 3745 1117 3782 ae
1142 3733 1198 3800 pri·

97 3785 138 3850 tt,
157 3790 188 3842 in
206 3788 260 3844 hoe
281 3792 389 3859 periplo
406 3808 502 3846 rerum
522 3813 622 3850 nomen
657 3812 734 3856 mum
756 3796 870 3864 quidem
894 3797 1031 3850 Anaxium
1054 3798 1115 3852 aire
1128 3803 1200 3854 rina·

96 3851 216 3924 Ana'proa
262 3861 366 3929 χωρίον
409 3859 621 3920 inveniann-
660 3866 718 3919 xia.
755 3869 847 3932 Supra
872 3867 994 3918 vidimus
1018 3883 1036 3920 a
1060 3867 1201 3922 Strabone

98 3923 131 3974 llt
158 3942 225 3995 vero
257 3944 291 3982 eo
322 3935 515 3996 revertamur,
549 3935 626 3988 unde
662 3934 739 3986 tradi
760 3935 901 3988 llantaxia
921 3932 1059 4002 quaedam
1076 3937 1106 3990 in
1125 3937 1200 3992 oolla

100 3997 200 4060 egressi
219 4013 333 4064 sumus,
352 4013 404 4050 nos
423 4001 465 4052 sie
483 4003 627 4056 existima·
661 4003 739 4055 edito
766 4003 898 4056 condita:
934 4019 997 4056 enm
1028 4019 1079 4058 nos
1105 4014 1200 4062 autern

98 4073 168 4127 mus,
199 4081 263 4118 eum
296 4069 326 4118 in
361 4066 413 4120 bae
444 4083 511 4124 orae
535 4078 627 4138 parte,
662 4073 863 4140 putenrusplus
879 4070 945 4124 fidoi
961 4075 1201 4142 auotoriperipli,

98 4142 161 4194 quae
187 4149 204 4185 a
222 4135 370 4188 Selinunte
391 4135 426 4188 ud
445 4139 627 4199 Coracesium
662 4148 691 4192 et
710 4149 826 4208 propter
845 4147 969 4195 aetatem
988 4144 1049 4197 eius
1068 4151 1097 4196 et
1117 4159 1199 4210 prop-

100 4202 229 4266 pertinet,
263 4205 356 4258 nullus
380 4204 463 4270 ⁸alins
497 4209 628 4262 rideatur
663 4215 707 4263 ter
729 4210 961 4274 consensionem,
1000 4227 1073 4278 quae
1100 4217 1143 4264 est
1171 4213 1200 4264 m*

99 4262 170 4320 loeus
183 4287 255 4335 esse,
278 4275 325 4328 ubi
344 4275 400 4338 ista
417 4278 540 4343 Syedra,
560 4285 589 4332 et
610 4296 628 4332 a
663 4279 789 4346 plurimis
809 4284 836 4336 in
861 4279 944 4333 rebus
963 4293 1026 4332 curn
1050 4281 1199 4349 seripturi-

953 4365 1002 4426 la.
