2872 4814
291 419 294 424 ,
331 357 419 416 ΤΗΣ
447 357 669 417 Mamaea
695 351 941 420 ΘΑΛΑΣΣΗΣ.
1127 363 1192 428 887

77 541 272 627 αἰιριιτήριόν
291 541 464 640 ἐστινῇἔχον
488 543 592 624 λιμένα
612 541 756 626 ὕφορμοιι
774 543 826 606 καὶ
845 542 939 627 ὕδωρ.
981 541 1054 609 Mal
1078 544 1111 610 dl
1132 552 1188 610 τοῦ

77 645 252 727 Πηδιιλΐιιιιι
279 642 328 706 ea
349 639 485 725 cuidem2
509 645 593 706 erud.
617 641 656 706 ιι.’
680 643 790 718 rutil-tc³
816 642 1030 726 ἐσιὶνὲρημος,
1045 647 1189 730 λεγομένη

71 813 183 868 terium
204 820 267 882 eet,
291 820 410 887 portum
428 811 538 868 habene
566 819 596 867 ct
623 812 782 867 stationem
810 812 928 870 navium
959 820 988 868 et
1015 831 1127 888 aquam.
1166 815 1191 871 A

72 887 195 948 Pedalie
213 896 312 946 eutem
332 887 370 946 od
388 889 498 948 insulas
521 886 621 946 stadie
639 889 685 944 80.
713 885 792 944 Urbe
812 897 857 947 cst
877 887 1003 960 deserta,
1024 888 1104 948 dicte
1123 889 1191 951 Λιι-

72 1101 112 1151 rio
139 1105 251 1152 centum
281 1099 487 1168 quinquaginta
512 1099 614 1152 stadiis
649 1099 688 1161 εἰς
709 1090 744 1167 ἣν
767 1092 931 1164 eriperetur
963 1096 1049 1168 λόφος
1079 1097 1191 1186 epomis,

72 1170 169 1222 abesse
186 1171 338 1236 diceretur,
360 1169 440 1220 cuius
453 1183 612 1221 mensuram
648 1161 765 1236 ὑψηλὰς,
783 1163 989 1235 redargueritis,
1006 1163 1082 1238 ἱερὰς
1099 1173 1190 1254 Appo-

73 1238 211 1289 intorvalli
225 1252 321 1289 veram
336 1252 397 1289 esse
409 1240 547 1304 auspicati
569 1245 613 1287 eu·
650 1237 736 1304 δίιης,
758 1234 796 1296 εἰς
811 1228 845 1287 ie
861 1233 918 1288 αἰιό
935 1238 1066 1294 Kirrdoiv
1078 1239 1192 1291 σιαδιοι

72 1321 139 1368 mus,
155 1306 336 1374 intelligitur,
359 1322 441 1376 quam
456 1323 511 1358 uon
526 1305 613 1374 leuge
649 1301 789 1370 ἑξακόσιοι
816 1297 999 1372 ὀγδοήκοντα.
1045 1310 1114 1360 Cum
1137 1307 1191 1358 cti·

72 1373 141 1424 haec
166 1377 295 1443 Gargaea
322 1387 339 1425 a
367 1376 452 1426 Curio
480 1375 615 1438 abluerit,
649 1374 698 1424 des
715 1373 826 1424 insulae
845 1373 880 1424 ad
901 1375 1126 1440 septentrionem
1139 1375 1193 1442 Gy-

73 1459 87 1493 a
105 1458 160 1510 quo
176 1451 286 1495 tentum
301 1442 402 1494 stadiis
424 1445 613 1512 quadraginta
650 1457 730 1508 prum
747 1442 907 1503 terminent,
929 1443 1095 1496 existimare
1108 1445 1191 1496 debe·

72 1511 167 1563 abesse
195 1511 364 1588 dieiturffli
390 1513 475 1563 modo
499 1514 614 1580 integer
648 1527 726 1573 mus,
746 1510 882 1560 Pedalion
900 1513 992 1580 accipi
1009 1528 1027 1564 a
1051 1512 1191 1566 Strabone

72 1583 98 1629 ie
118 1577 284 1647 apographo
310 1595 442 1631 numerus
467 1588 518 1634 est.
555 1585 614 1632 lam
649 1587 806 1632 extremam
828 1586 936 1644 partem
953 1581 1063 1634 insulae
1081 1583 1117 1633 ad
1135 1597 1191 1634 me·

73 1663 155 1714 supra
174 1648 532 1706 videbamusaStrabone
550 1665 614 1716 pru·
649 1647 766 1707 ridiem,
791 1661 845 1716 quo
871 1647 970 1699 eedem
1003 1652 1113 1703 ratione
1136 1658 1194 1702 sta·
1252 1663 1254 1666 ·

74 1718 239 1768 montorium
286 1718 409 1769 curieda
449 1719 615 1784 peninsulae
649 1717 762 1768 diorum
782 1715 869 1766 ducta
888 1716 1025 1770 ducimur.
1050 1719 1193 1770 llocoem

76 1785 125 1836 dici
144 1785 237 1836 einrile
255 1785 338 1853 idque
354 1801 437 1853 quam
455 1788 613 1839 rectissime
647 1787 688 1836 ita
708 1786 755 1848 sit,
775 1785 853 1851 quod
870 1782 952 1836 hodie
969 1789 1192 1853 promontorium

76 1855 105 1904 ab
138 1856 256 1922 antiquo
288 1853 452 1923 geographo
491 1855 614 1918 dicatur,
649 1854 947 1922 Gregaautetiam
969 1856 1131 1908 Graecia
1151 1856 1192 1910 (11·

74 1921 207 1974 Peouckii
241 1929 269 1974 et
296 1923 449 1993 descriptio
476 1925 565 1975 docet
586 1932 614 1975 et
650 1924 741 1984 citur,
764 1922 794 1972 id
822 1929 901 1973 vetus
921 1923 1068 1984 Pedalium
1093 1930 1193 1992 putan-

72 1993 174 2043 tebula.
212 1991 244 2044 Si
262 1998 354 2043 autem
377 1991 616 2045 Pocockiu'iides
649 1992 716 2042 dum
737 1992 874 2049 eet.‚Elst
891 1993 922 2044 id
940 1999 1033 2045 autem
1052 1994 1113 2046 eius
1131 2007 1192 2044 ceni

73 2058 199 2112 habenda
217 2066 261 2112 est
285 2061 408 2128 urbsque
427 2063 539 2112 Curium
564 2077 613 2128 pu·
649 2061 729 2128 longi
754 2068 812 2110 tum
849 2060 902 2112 lati
932 2057 1137 2128 promontorii,
1163 2063 1194 2113 in

72 2129 156 2180 tanda
176 2129 220 2180 ibi
243 2129 359 2180 condita
382 2127 487 2192 luisse,
506 2132 534 2180 in
558 2145 615 2197 qua
650 2128 725 2196 quod
761 2128 799 2179 ad
829 2130 975 2182 meridiem
1005 2129 1101 2183 insula
1125 2133 1195 2193 exit,

74 2197 174 2249 vicinia
207 2197 292 2248 lodie
324 2199 401 2248 vicus
432 2199 615 2265 Episcopi
650 2212 736 2248 cornu
752 2197 788 2246 ad
804 2199 941 2249 orientem
955 2206 1101 2266 spectaus3
1120 2199 1195 2267 quod

23 2291 25 2312 t
73 2272 113 2316 est
129 2275 159 2318 et
177 2281 275 2318 murus
293 2281 417 2317 sunimae
436 2267 616 2334 antiquitatis
650 2266 725 2316 enim
736 2279 823 2318 cornu
835 2267 871 2316 ad
887 2282 1019 2318 occasum
1034 2275 1146 2335 spectat
1164 2275 1194 2322 et

74 2336 232 2400 reportem,
268 2341 297 2386 et
332 2335 358 2385 si
398 2335 616 2386 existimandum
650 2335 687 2386 ad
712 2334 873 2398 meridiem,
906 2337 936 2386 id
961 2343 1005 2388 eet
1032 2343 1194 2404 promonto-

23 2441 24 2452 ,
73 2412 120 2465 eet,
139 2419 197 2454 non
224 2405 309 2455 modo
329 2403 365 2456 ad
383 2405 499 2456 Curium
518 2405 618 2457 urbem
650 2404 728 2460 tium
758 2401 900 2456 Thmui
933 2405 962 2456 id
992 2412 1036 2457 ⁰⁸2
1067 2405 1193 2458 Sedet·

23 3117 25 3186 l

23 3475 25 3512 l

72 2473 226 2526 sedetiam
245 2475 331 2525 aliea
347 2491 495 2526 mensuras
513 2492 530 2526 a
548 2475 617 2526 seri·
650 2474 735 2524 lieete
755 2480 849 2526 autem
876 2475 932 2526 iem
951 2475 1118 2527 Mannertus
1136 2477 1194 2526 ani·

72 2548 150 2608 ptore
176 2551 239 2594 esse
271 2544 444 2612 descriptos,
474 2549 615 2612 petamus,
649 2543 815 2606 madvertit,
835 2559 891 2594 non
915 2545 945 2595 id
969 2545 1194 2614 promontorium

72 2610 123 2663 hoe
150 2615 377 2680 promontorium
401 2616 556 2681 Gargaeam
586 2613 615 2664 id
650 2628 667 2664 a
692 2613 785 2679 poetis
812 2614 957 2666 veteribus
984 2615 1107 2667 idalium
1126 2615 1193 2678 dici,

70 2681 160 2748 ipsum
186 2697 264 2752 esse,
288 2684 365 2752 quod
397 2682 483 2736 hodie
515 2683 617 2734 italico
650 2685 726 2748 (eam
751 2682 789 2733 ob
825 2697 938 2740 causam
971 2685 1045 2752 apud
1077 2685 1194 2737 Strabo-

72 2751 156 2802 verbu
183 2751 252 2820 Cap
279 2753 394 2804 Getta
427 2759 477 2804 aut
503 2753 615 2805 Getta
649 2767 712 2803 nem
747 2766 788 2800 ¹ro
816 2753 954 2823 Πηδαλίῳ
984 2755 1073 2806 scribi
1097 2754 1194 2806 volue‘

71 2819 188 2884 dieitur,
209 2821 239 2872 ie
256 2837 312 2890 quo
330 2822 387 2873 fuit
412 2824 613 2875 monasterium
648 2826 714 2875 runt
743 2817 888 2890 Idaliam)
912 2823 961 2875 scd
988 2824 1066 2876 illum
1093 2824 1194 2876 collem

71 2887 169 2938 Sancti
188 2888 309 2950 Nicolai,
346 2892 521 2960 Quamquam
539 2893 613 2944 enim
649 2890 737 2941 altum
759 2897 788 2942 et
805 2892 925 2946 similem
943 2907 1065 2946 mensae.
1101 2895 1221 2961 atque,

73 2961 128 3008 tota
151 2958 301 3024 peninsula
322 2975 339 3010 a
357 2961 463 3027 templo
478 2975 563 3028 supra
580 2960 614 3011 il·
648 2959 679 3010 in
698 2957 751 3011 hoc
769 2958 842 3011 colle
867 2962 928 3014 uine
947 2961 1034 3016 dubio
1052 2965 1140 3014 etiam
1160 2961 1194 3012 il-

74 3023 125 3076 lam
152 3032 283 3078 extructo
310 3031 537 3095 promontorium
561 3030 615 3082 Cu·
649 3028 1016 3096 ludoppidumldalium
1034 3030 1193 3100 feit,·quod
1228 3085 1230 3090 ,

72 3093 124 3144 rias
152 3094 211 3145 dici
237 3097 322 3148 solita
346 3105 405 3162 eet,
430 3105 525 3150 tamen
551 3099 615 3151 lieri
649 3096 759 3149 Plinius
771 3098 880 3165 pridem
893 3101 1024 3152 interisse
1040 3101 1090 3170 ait,
1103 3101 1193 3156 istud-

23 3191 24 3212 ι
70 3162 154 3213 etiam
174 3161 225 3215 hoc
249 3167 359 3232 potuit,
385 3174 419 3218 ut
448 3168 524 3218 aliud
550 3182 614 3234 pro·
650 3165 1044 3234 quevelhisSerriivcrbisr
1061 3163 1194 3230 idalium,

70 3233 257 3296 montorium,
277 3235 353 3302 qued
371 3236 407 3287 ab
421 3239 459 3287 eo
473 3237 536 3302 ipae
551 3251 614 3303 pro·
650 3235 736 3301 Cypri
751 3251 848 3287 nentur
867 3243 925 3296 eet,
944 3239 974 3288 in
988 3252 1044 3304 quo
1059 3239 1193 3304 oppidum

71 3298 211 3362 minabat,
237 3305 402 3367 praesertim
427 3305 450 3354 si
475 3305 510 3356 id
529 3311 614 3372 portu
648 3304 753 3366 breve,
778 3303 823 3354 vel
840 3303 893 3354 hac
915 3305 1019 3371 puerili
1044 3307 1193 3358 contirma-

69 3374 96 3416 et
112 3369 176 3420 salo
195 3377 224 3422 et
247 3386 321 3439 aqua
335 3373 511 3428 ,instructum
531 3379 615 3436 esset,
650 3377 698 3424 tur
728 3371 921 3439 originatiuue
951 3375 1089 3436 nominis,
1121 3391 1193 3442 quae

23 3451 24 3456 ¹
70 3450 147 3488 suum
183 3440 326 3506 proprium
360 3455 459 3493 numen
487 3440 613 3494 haberet.
649 3440 724 3508 epam
758 3439 933 3506 Stephanum
970 3448 1029 3493 eet:
1063 3435 1192 3509 Ἰδάλιοι,

1008 3505 1016 3526 t

71 3505 159 3572 itque
172 3504 238 3559 huie
259 3509 385 3575 opinioni
399 3517 515 3563 nostrae
528 3513 614 3562 etiam
649 3504 733 3571 πόλις
754 3504 884 3576 Kdnpoo.
903 3511 1033 3598 Χρηιμις
1058 3507 1111 3594 pplp
1131 3507 1192 3565 ree

23 3605 24 3608 =
70 3587 217 3635 meneura,
243 3591 316 3643 quae
343 3579 448 3646 scripte
473 3587 532 3642 eet,
558 3577 615 3630 eul-
649 3579 704 3646 11η,
724 3569 798 3630 ὅπου
821 3578 882 3638 ἴδοι
898 3576 949 3633 τὸν
966 3582 1049 3634 aiter
1067 3579 1194 3648 uviepov·

72 3639 211 3710 iragatur.
650 3664 703 3710 ror,
729 3642 813 3699 πόλιν
838 3647 943 3708 κτίσαι,
968 3644 984 3702 ὁ
1011 3636 1066 3704 οὖν
1088 3645 1194 3717 Ketari-

101 3713 126 3773 l)
159 3709 348 3766 Vehementer
379 3714 531 3767 dolendum
563 3721 617 3783 oet,¹
650 3733 708 3784 orep
733 3710 866 3784 nepertia,
890 3717 1014 3779 clereto
1038 3712 1091 3770 osio
1116 3711 1194 3786 αὐτῷ

70 3783 124 3833 tam
143 3780 234 3833 multa
251 3782 281 3832 in
299 3781 353 3833 hoc
379 3783 488 3850 periplo
510 3784 616 3850 Cyprio
652 3779 1125 3854 ἒφη,ἰδοι1,βιισιλιί”,τδνᾶ1ιον·
1143 3779 1195 3854 ἀφ’

68 3847 124 3900 sire
143 3849 256 3902 librarii
280 3851 365 3919 culpa
389 3853 531 3904 excidisse
556 3855 616 3904 sive
652 3845 689 3905 od
714 3845 884 3921 ω’νομιὲσθιιι
900 3849 952 3974 πᾶν
969 3851 1063 3908 πόλιν.

71 3929 179 3982 quacun
203 3932 239 3970 ue
258 3919 314 3978 alia
332 3935 370 3973 re.
407 3921 466 3973 lam
485 3922 616 3974 adversa·
686 3921 714 3985 ²)
738 3922 770 3972 ln
789 3924 887 3977 tabula
936 3922 1103 3977 ocoeliianiu
1127 3938 1193 3991 ope:

69 3985 129 4035 tiva
149 3983 181 4038 δὲ
218 4000 252 4037 oc
277 3987 340 4039 loco
360 3989 504 4052 declaret,
522 3991 628 4050 omnia,
652 3992 695 4040 ria
717 3990 927 4044 videmus-tres
955 3993 1079 4062 insulae,
1106 3993 1192 4045 alian

69 4051 138 4131 iude
164 4069 181 4104 ιι
202 4056 333 4124 cargaea
349 4073 441 4127 usque
466 4060 501 4111 ad
527 4057 618 4111 Pedd·
652 4073 740 4126 supra
760 4060 855 4121 aliam,
877 4075 949 4129 quae
966 4066 1061 4114 tarnen
1079 4062 1193 4113 noe-vi-

68 4117 138 4172 lium
168 4123 318 4182 interisset.
373 4124 468 4180 liuius
506 4127 617 4186 Pedalii
652 4127 756 4180 emtor
782 4143 860 4193 osse,
895 4145 967 4198 quae
1001 4145 1018 4183 e
1049 4129 1193 4184 veteribus

68 4186 174 4244 Strabo
206 4207 319 4262 queque
351 4197 534 4258 recordatur,
569 4196 617 4266 poi
652 4192 823 4250 Salaminiae
848 4197 909 4250 diei
925 4198 1063 4254 solebam.

28 4266 30 4275 ·
68 4252 137 4311 haec
162 4260 258 4314 additi
283 4257 332 4318 εἶτ’
356 4258 431 4332 ἄκρα
458 4262 616 4335 Πηδάλιοῆ
