2872 4814
160 435 163 443 Ι
264 347 327 416 m
474 345 765 414 ΣΤΑΔΙΑΣΜΟΣ
781 346 891 410 irrui
909 347 1169 411 ΠΕΡΙΠΔΟΤΣ
1267 401 1268 412 ,

712 531 802 648 nn
817 511 906 600 nob

344 677 416 744 Ἅπό
439 675 494 748 lini
517 683 561 760 εἰς
580 681 724 767 Λέρνονι
748 681 829 745 arud.
852 677 906 746 ον’.
935 679 988 746 Ἐκ
1010 681 1133 766 Λέρνον
1154 653 1359 766 εἶςἉὲβινθνν

265 780 347 846 onud.
369 775 446 846 on*¹
475 779 528 848 Ἐκ
547 787 711 868 Arpinum
736 783 780 860 εἰς
800 781 960 867 Κίναρονθ
986 785 1067 848 nond.
1090 777 1131 863 ρι’
1159 779 1213 874 Ἐκ
1233 783 1360 867 Κινᾶρων

636 915 955 1050 A‘Insulae

341 1133 366 1192 Α
386 1125 447 1191 Coo
474 1136 504 1192 in
525 1083 636 1196 Loium¹
657 1132 752 1194 stadia
775 1133 842 1194 350.
881 1137 909 1195 A·
925 1122 1010 1194 listro¹
1023 1133 1060 1192 ad
1084 1133 1262 1193 Lebinthom
1281 1133 1359 1192 stadia

265 1206 331 1265 tio.
351 1209 377 1266 Ε
397 1208 541 1268 Lebintbo
562 1211 592 1268 in
614 1210 753 1270 Cinnmm
780 1211 1008 1270 sauriniani:
1031 1210 1139 1270 Cinaro
1159 1211 1196 1269 ad
1216 1221 1360 1268 extreman

266 1425 352 1478 oredo
368 1423 480 1475 insulae
492 1423 616 1474 Corseas
631 1421 723 1474 videri
741 1433 806 1488 pos·
837 1433 887 1472 ros
905 1380 964 1474 ιιίο
988 1421 1107 1484 Cinara,
1132 1427 1165 1473 nt
1182 1436 1200 1474 s
1217 1419 1308 1474 Plinio
1329 1419 1360 1470 di·

174 1491 190 1510 ’“
266 1492 718 1562 suntsignilicari‚necessust,
737 1505 805 1542 non·
838 1489 928 1555 nitur,
954 1489 1023 1542 baec
1046 1489 1141 1540 insula
1166 1491 1220 1551 sit,
1245 1505 1312 1556 quae
1333 1487 1359 1539 ad

266 1561 346 1612 nulls
378 1561 533 1622 excidisse,
572 1559 673 1627 quibus
705 1572 804 1610 cursus
839 1558 974 1610 orientem
1004 1573 1091 1624 supra
1122 1564 1265 1626 Annorgon
1299 1558 1360 1608 iacet

266 1631 426 1696 mouratius
442 1629 663 1682 describebatur.
681 1628 805 1680 Tantum
838 1642 966 1694 nuncque
997 1625 1118 1688 Karon
1149 1627 1262 1680 dicitur.
1299 1627 1361 1678 lllen·

266 1698 412 1760 eddimus,
439 1697 628 1749 nobisrideri
643 1711 696 1782 pro
726 1691 806 1751 Τελέ-
838 1711 905 1748 sura
922 1696 1079 1748 stadiorum
1097 1697 1315 1765 quingentorum
1330 1709 1361 1744 re·

266 1784 320 1836 ρον
337 1763 428 1834 Λέρου
449 1774 477 1818 et
496 1781 545 1834 pro
569 1767 722 1820 Kaineiton
746 1767 805 1818 Ku-
839 1771 884 1816 cta
918 1766 1047 1832 putanda
1076 1773 1131 1816 est.
1184 1765 1253 1816 Cum
1284 1772 1361 1814 tannen

264 1831 368 1904 inidrqe
387 1836 546 1903 legendum.
583 1838 668 1890 ,Cuius
692 1833 805 1899 relpo·
839 1832 995 1901 geographi
1021 1849 1083 1884 earn
1116 1839 1240 1886 reterens
1270 1832 1362 1884 Nica·

192 1949 194 1956 a
264 1905 323 1957 tius
341 1920 467 1971 quarum
492 1903 625 1968 deinceps
649 1902 806 1956 insularum
839 1903 931 1954 siam
963 1917 1025 1954 esse
1050 1907 1168 1968 putent,
1196 1916 1308 1954 necesse
1329 1904 1363 1950 est

265 1973 380 2032 nomina
403 1959 507 2038 ιη’τῆς
529 1965 662 2040 ‘Oppidum
686 1970 805 2030 lateant,
828 1969 916 2022 brevi
949 1971 1191 2032 demonstremus,
1218 1984 1266 2022 our
1296 1969 1364 2020 nubis

265 2041 424 2100 nesoirnus:
447 2055 550 2092 sannen
571 2046 735 2105 corruptum
755 2053 804 2104 pu·
830 2039 964 2106 periplus
995 2040 1157 2106 sequendus
1188 2053 1250 2092 esse
1280 2039 1362 2090 ridea-

265 2115 367 2170 tanatos,
384 2108 450 2176 etsi
471 2109 537 2176 quid
555 2107 803 2170 coniieereliceat‚
838 2112 894 2160 tur.
932 2110 1008 2160 lnter
1038 2110 1164 2166 Naxum,
1191 2110 1252 2161 l'rrm
1283 2101 1364 2160 rimor·

265 2177 380 2230 videtur
422 2177 603 2228 scribendum
642 2191 704 2229 esso
745 2175 801 2227 ita:
836 2191 958 2244 garoque
982 2177 1104 2245 quinquo
1128 2179 1201 2228 sitae
1224 2176 1365 2228 suntiono·

265 2240 560 2312 aulndnKopoiuqid
576 2244 802 2312 milidonensi,
839 2245 900 2312 tao,
925 2259 1044 2312 quorum
1068 2253 1162 2296 tannen
1189 2244 1278 2304 duae,
1303 2255 1364 2294 nuno

268 2308 351 2380 διξὰς
374 2309 467 2384 λαβών
481 2310 547 2370 oria's
562 2309 608 2368 ini
628 2309 678 2382 τὴν
697 2307 805 2380 Ἆμονρ·
841 2313 1064 2380 Gapbonisi,
1083 2314 1113 2364 id
1133 2320 1177 2368 est
1193 2313 1300 2366 insulae
1316 2311 1365 2363 Ga·

265 2383 340 2452 ρίαν,
377 2383 470 2450 Supra
493 2385 565 2436 alius
589 2389 688 2436 rursus
713 2381 805 2436 teneri
840 2381 933 2447 pbo,·
953 2383 1062 2448 dictae,
1091 2383 1364 2446 simulcumscopu-

264 2452 433 2520 iubebatur,
458 2459 488 2504 et
513 2453 625 2520 quidem
643 2467 735 2524 ⁸supra
753 2451 805 2504 Le·
838 2451 884 2511 lo,
904 2451 950 2517 qui
962 2450 1043 2503 iacet
1060 2451 1118 2514 ibi,
1144 2449 1193 2502 ubi
1216 2451 1313 2502 norbae
1328 2462 1365 2497 ex·

266 2519 404 2575 binthum.
424 2523 467 2572 lle
486 2523 621 2589 sororgia
640 2521 805 2572 coisl'eratur
839 2521 938 2572 tremis
963 2520 1090 2586 partibus
1118 2518 1178 2570 fere
1208 2536 1244 2580 se,
1273 2519 1367 2570 contin·

265 2605 331 2658 pag,
343 2606 401 2657 seq.
421 2590 476 2642 Pru
489 2587 643 2644 Νόσονσαν
664 2591 724 2640 sine
742 2604 805 2640 con·
839 2595 927 2655 gunt,
945 2603 996 2653 pro
1015 2605 1072 2642 uua
1090 2586 1203 2640 habitae
1226 2589 1287 2642 fere
1304 2591 1367 2646 sont,

265 2660 412 2712 troversia
444 2661 594 2717 Δρνοῦσαν
623 2658 806 2710 scribendum
840 2658 1027 2724 dierruturque
1044 2673 1117 2711 nune
1135 2659 1231 2722 etiam,
1250 2664 1281 2708 ut
1295 2653 1367 2708 modo

268 2733 328 2790 est,
346 2734 378 2786 ut
396 2736 453 2778 tum
472 2725 598 2782 Κύθνον.
737 2737 742 2746 “
841 2726 1029 2793 significatum
1048 2734 1108 2793 est,
1133 2727 1244 2779 nomine
1268 2726 1367 2778 eodem.

302 2798 328 2858 l)
347 2795 411 2850 Non
433 2804 527 2862 potest
553 2795 721 2857 aliainsula
746 2809 807 2848 esse
842 2795 896 2861 lia,
924 2810 995 2862 qnae
1027 2795 1063 2844 acl
1094 2796 1271 2846 occidentem
1296 2795 1369 2852 ieret,

267 2863 323 2917 nisi
349 2865 447 2916 iseros.
494 2867 555 2918 lloa
590 2864 806 2933 significandum
840 2879 914 2916 nrrnc
948 2863 1079 2914 Raetia
1113 2865 1173 2916 sire
1210 2859 1370 2916 itaclnin

176 2955 181 2968 n
266 2939 412 2998 putamus,
436 2935 570 2994 etiannin
599 2934 707 3000 aliquot
732 2931 807 2981 oudi-
842 2933 946 2982 dieitur
974 2939 1137 2998 (utrumque
1171 2947 1206 2984 ex
1240 2930 1370 2982 Heraclea

268 2999 348 3050 cibus
366 3001 514 3052 Strabonis
531 2999 637 3068 Λέρνος
654 3016 703 3068 pro
719 2995 808 3067 Λέρος
841 3002 900 3052 sire
918 2999 1022 3065 llaclea
1047 3007 1212 3067 corruptum
1231 3006 1292 3066 est,
1315 3010 1370 3048 nour

267 3067 399 3120 inveniri.
429 3069 483 3120 l’ro
501 3065 551 3131 uo'.
570 3070 645 3135 quod
665 3067 736 3120 nibil
754 3077 806 3129 est,
840 3068 972 3121 hodierni
1000 3069 1102 3121 Graeci
1140 3083 1196 3120 non
1223 3065 1372 3135 aspirant).

268 3135 448 3187 scribendum
471 3145 523 3188 est
553 3133 603 3198 ov'r
635 3153 698 3189 nam
727 3143 807 3190 tanta
841 3138 923 3190 liano
941 3137 1051 3205 quidem
1075 3138 1218 3205 quondam
1238 3137 1372 3188 Nicosiaon

267 3219 353 3270 supra
386 3221 517 3269 mensura
552 3205 702 3257 dicebatur
736 3221 806 3258 esse.
841 3206 972 3273 quidam,
991 3206 1041 3258 alii
1059 3205 1205 3258 Donusam
1231 3203 1291 3257 siro
1312 3203 1371 3254 Dio·

265 3273 348 3340 Apud
367 3271 533 3328 Strabonem
546 3275 636 3328 Leros
652 3275 807 3328 etiam‘lne·
841 3276 951 3340 nysiann
972 3274 1077 3326 dictam
1096 3289 1158 3326 esse
1179 3279 1291 3341 putant.
1324 3273 1371 3322 llu-

266 3343 326 3405 ria,
353 3344 381 3394 id
402 3353 446 3396 est
464 3344 556 3398 insula
572 3344 674 3407 Leria,
693 3343 807 3396 dicitur.
841 3359 902 3394 ruru
921 3345 1064 3394 sententia
1083 3343 1170 3394 etiam
1187 3343 1298 3410 periplo
1317 3355 1370 3390 con

265 3409 420 3475 Miramur,
449 3413 499 3466 illo
519 3415 581 3466 loeo
606 3429 624 3466 a
641 3412 808 3481 quibusdam
841 3411 985 3473 firmatur,
1012 3419 1043 3464 ut
1066 3427 1151 3480 supra
1181 3407 1370 3462 demonstrari·

266 3481 408 3547 postulari
424 3483 510 3534 scribi
524 3480 621 3548 Λέρος,
636 3497 696 3534 oum
713 3487 809 3532 tamen
842 3495 920 3542 unus,
945 3495 998 3533 nec
1016 3480 1102 3533 debet
1124 3479 1183 3532 iarn
1202 3479 1315 3536 dubium
1338 3476 1370 3525 ni·

267 3548 370 3602 strabo
403 3550 501 3602 eadem
532 3553 644 3603 ratione
673 3550 809 3618 loquendi
843 3549 916 3608 dori,
934 3549 1001 3616 quin
1020 3549 1112 3600 insula
1138 3548 1239 3600 llaclia
1256 3546 1371 3614 superio·

267 3619 327 3670 Coo
360 3617 445 3672 Coanr
483 3625 513 3672 et
549 3621 650 3671 lcaron
685 3617 808 3672 lcariaru
842 3617 920 3670 ribus
939 3625 997 3670 teon
1016 3617 1114 3668 nribus
1140 3615 1372 3670 dietaDonuso

157 3699 160 3706 ’
267 3685 354 3740 dicat.
841 3686 888 3740 sit.
908 3675 979 3738 Nam
997 3632 1051 3738 tue
1068 3687 1094 3738 si
1109 3685 1373 3752 vellemussunrere,

301 3755 328 3819 2)
345 3755 481 3808 Mensura
499 3767 551 3822 pro
569 3759 651 3808 recta
675 3751 809 3808 babentia
841 3759 963 3820 utruque
982 3769 1041 3820 eam
1061 3756 1174 3809 numine
1190 3755 1302 3804 solitam
1321 3763 1374 3804 esst

267 3830 319 3878 est.
841 3822 996 3890 appellari,
1014 3823 1044 3876 id
1062 3830 1217 3890 propterea
1233 3838 1287 3874 nun
1306 3819 1374 3872 nide-

256 3934 259 3940 .
300 3891 328 3955 3)
347 3891 416 3944 cun
433 3885 503 3942 baec
520 3890 613 3942 insula
628 3895 693 3941 ante
710 3889 807 3942 inren·
841 3898 887 3943 tur
907 3891 1066 3944 feriendum
1088 3907 1166 3953 esse,
1193 3892 1260 3959 quia
1284 3905 1301 3942 a
1326 3887 1373 3940 ru·

266 3965 326 4014 tum
343 3957 416 4026 bunc
441 3947 580 4026 peripsum
599 3966 706 4009 tantum
732 3957 808 4026 apud
840 3961 889 4012 nio
908 3958 978 4014 baec
996 3962 1108 4012 nonnioa
1135 3961 1256 4027 singulis
1274 3957 1375 4010 duabus

265 4027 388 4082 Plinium
413 4034 632 4080 commemorata
649 4032 739 4090 esset,
757 4043 805 4080 ne·
838 4029 1004 4082 tribuuntur
1016 4029 1128 4082 insulis.
1150 4029 1215 4092 Quo
1229 4026 1302 4080 illud
1314 4037 1374 4093 qut·

265 4097 412 4162 solvimus,
431 4097 477 4149 ubi
496 4097 554 4148 sita
577 4101 661 4148 esset.
687 4096 819 4164 'Peripli'
840 4113 895 4166 que
913 4099 1074 4166 argumenti
1099 4098 1225 4159 accedit,
1250 4096 1325 4164 qnod
1349 4092 1375 4151 ii

266 4173 360 4221 autern
378 4171 525 4217 auctorem
538 4165 562 4216 si
578 4167 731 4234 sequimur,
748 4179 807 4217 non
839 4167 889 4234 qui
912 4166 1021 4220 vicinas
1054 4166 1176 4220 maiores
1207 4163 1374 4216 insulasin·

265 4240 360 4303 potest
379 4234 497 4289 dubium
522 4249 601 4300 esse,
630 4233 698 4302 quin
723 4234 810 4290 cina-.
838 4235 1005 4296 uoluerunt,
1022 4249 1102 4297 ,nom
1129 4241 1231 4293 neutra
1255 4229 1376 4286 habitata
