2872 4814
234 397 296 459 ³⁰⁰
359 451 363 460 ,
444 390 735 450 ΣΤΑΔΙΛΣΜΟΣ
754 388 863 446 ΗΤΟΙ
882 388 1141 446 ΠΕΡΙΠΛΟΤΣ

235 578 292 642 σοῦ
314 578 356 650 εἰς
379 573 499 655 Σύβοιν1
526 576 606 636 ocuti.
630 599 656 636 ν.
680 570 767 646 πόλις
789 570 850 633 ἐστὶ
871 571 919 632 καὶ
942 571 1045 652 λιμένα
1067 568 1160 634 καλὸν
1182 569 1249 649 ἔχει.
1269 567 1336 632 Ἀπὸ

234 683 371 740 Aietou
398 677 440 749 εἰς
462 671 665 754 ΚοιλοιμύδηνΒ
700 674 782 736 crud.
804 671 867 741 cn'.
880 668 954 736 Ἀπὸ
977 668 1162 751 Καλαμύόης
1184 670 1227 743 εἰς
1249 675 1337 750 Κριοῦ

236 775 391 838 Memnon
421 775 501 836 evod.
531 769 562 835 t!
596 770 788 853 ἀκρωτήριόν
817 773 896 836 ἐστιν
923 765 1062 849 ὑψηλὸν·
1098 769 1157 849 ἔχει
1185 769 1268 852 ὕδωρ
1294 771 1338 832 ool

191 871 197 880 ’
233 874 385 956 ὕφορμον.
420 869 493 933 Ἀπό
517 875 617 950 Κριοῦ
640 871 797 934 Μέτωπον
818 869 1047 952 περίπλουςεῖς
1067 870 1280 932 diaconumt.
1302 873 1336 951 ιβ.

236 975 339 1056 λιμένα
363 974 420 1053 ἔχει
444 972 492 1034 καὶ
522 971 614 1051 ὕδωρ.
636 967 707 1034 'And
731 970 840 1033 Βιένου
863 970 906 1045 εἰς
928 966 1127 1051 Φαλάνσαραν
1145 970 1237 1051 (sic)⁵
1266 970 1338 1031 erud.

234 1169 346 1215 tunum.
384 1158 408 1214 A
431 1157 515 1212 Lisso
537 1155 572 1212 ad
598 1153 774 1230 Calamyden
795 1153 870 1210 stad
891 1153 956 1210 250.
979 1151 1182 1228 A,Calamyda
1208 1152 1244 1209 ad
1264 1151 1340 1209 Criu-

175 1261 178 1269 ·
233 1249 370 1307 metopon
391 1231 465 1288 stad.
481 1235 527 1287 30.
569 1231 864 1287 Promontoriumest
884 1231 984 1285 altum.
1025 1227 1122 1284 Habet
1140 1247 1244 1303 aquam
1260 1238 1287 1284 et
1302 1231 1341 1284 lo·

233 1330 299 1366 cum
315 1308 490 1382 appellandi.
514 1309 534 1362 Α
552 1306 739 1381 Criumetopo
750 1307 1015 1382 circumnavigatur
1028 1303 1064 1359 ad
1081 1303 1223 1360 Biennum
1247 1303 1341 1360 stadiis

237 1388 279 1440 12.
322 1385 444 1440 Portum
467 1383 554 1438 habet
574 1393 603 1438 et
622 1401 734 1456 aquam.
784 1380 944 1438 ABienno
964 1379 1001 1436 ad
1025 1379 1341 1436 Phalasarnamttadia

235 1579 340 1628 ciorum
364 1577 554 1640 reperiuntur.
591 1574 703 1628 Tarrha
721 1573 777 1624 fuit
812 1574 885 1640 quod
905 1591 921 1626 a
940 1572 1071 1625 Pashleio
1096 1573 1240 1636 discimus,
1258 1574 1344 1639 posita

220 1653 327 1696 autem
355 1647 446 1709 posita
473 1645 519 1693 ubi
553 1645 635 1694 callis
664 1661 680 1694 a
706 1644 775 1693 arari
811 1641 865 1691 luit
894 1643 929 1693 ad
948 1645 1049 1704 vicum,
1068 1641 1117 1708 qui
1137 1657 1211 1693 nuuc
1231 1641 1344 1708 llyrlto

233 1731 263 1766 se
282 1718 388 1780 aperit,
407 1715 464 1779 'per
488 1729 571 1779 quam
590 1713 722 1764 fluviolus
748 1713 776 1762 in
811 1711 857 1778 rel
875 1710 1045 1775 llyrialro
1071 1712 1192 1770 dicitur,
1220 1712 1254 1761 ad
1280 1713 1345 1761 occi-

235 1799 312 1833 mare
330 1781 496 1832 infunditur.
535 1811 537 1816 .
812 1779 925 1830 dentem
940 1781 1169 1846 apr-omontnrio,
1183 1779 1295 1829 Flomi
1309 1779 1345 1829 di

267 1855 296 1913 2)
341 1851 474 1900 Mensura
508 1848 662 1899 stadiorum
696 1861 777 1898 sexa·
813 1855 867 1898 cto.
905 1848 954 1898 Est
978 1849 1016 1897 ibi
1042 1849 1120 1899 sinus
1144 1847 1299 1916 lluriusque
1319 1849 1345 1897 in

234 1921 315 1982 ginta
342 1920 432 1968 minor
456 1917 644 1967 existimanda
670 1921 712 1967 est
745 1929 778 1964 ac
812 1932 874 1968 eum
893 1932 923 1968 se
941 1915 1106 1974 infundens,

232 1988 354 2038 fortasse
388 1985 567 2051 scribendum
606 1981 654 2048 ρξ.
705 1982 777 2033 Nam
845 1983 871 2046 3)
913 1983 998 2034 Haud
1027 1984 1111 2035 dubie
1137 1983 1344 2036 verbaercide·

235 2055 431 2113 l'oecilassus,
468 2064 538 2118 quae
565 2068 582 2102 a
601 2049 712 2102 'l'arrha
734 2067 776 2102 se·
810 2058 894 2113 runt,
920 2052 1020 2119 quibus
1039 2053 1105 2120 quid
1131 2053 1284 2118 Galamyde
1307 2067 1344 2103 es·

234 2121 353 2190 uaginta
394 2120 488 2172 stadia
526 2119 624 2172 abesse
663 2119 775 2184 dicitur,
810 2127 855 2172 set
872 2121 1042 2186 descriptum
1061 2127 1132 2175 erat.
1165 2123 1209 2176 Ad
1228 2134 1347 2172 occasum

233 2193 281 2242 rix
306 2189 394 2242 tertia
417 2195 499 2256 parte
526 2187 608 2254 hujus
632 2187 776 2239 intervalli
809 2190 834 2240 si
854 2185 1055 2255 progredimur
1072 2189 1172 2250 Lisso,
1192 2195 1347 2257 promonto-

234 2261 268 2310 ab
285 2275 319 2310 ea
334 2257 422 2310 abest.
451 2257 680 2308 Pr·oPnecilasso
700 2254 773 2322 apud
808 2257 880 2308 rium
910 2264 953 2308 est
976 2264 1180 2325 perangustum
1214 2273 1264 2308 nec
1294 2257 1347 2308 lon·

233 2329 439 2388 Ptolemaeum,
475 2326 522 2391 qui
552 2325 630 2376 solus
664 2331 777 2391 praeter
809 2341 885 2393 guni,
904 2326 1016 2376 nomine
1038 2326 1185 2392 Selino,
1213 2326 1262 2378 sed
1290 2340 1347 2391 pro·

169 2452 170 2459 χ
234 2396 307 2446 hunc
323 2397 491 2461 scriptorem
516 2392 597 2444 liuius
617 2393 713 2458 oppidi
735 2407 776 2452 re-
810 2401 874 2461 pter
899 2393 1046 2444 castellum
1066 2395 1254 2456 Venetorum,
1279 2391 1348 2460 quod

234 2465 384 2523 cordatur,
415 2463 548 2528 scriptum
574 2468 618 2512 est
642 2455 776 2513 Horurlo'·
810 2464 839 2512 in
870 2475 904 2513 eo
932 2459 1003 2526 fuit,
1038 2463 1168 2515 Selino
1205 2462 1348 2514 Kasteli

233 2550 303 2588 σιον.
323 2532 377 2583 Ubi
393 2531 423 2582 id
443 2537 535 2581 autem
554 2532 675 2596 positum
694 2535 777 2591 esset,
811 2530 868 2582 dici
893 2530 977 2582 solet.
1021 2531 1102 2597 Apud
1129 2532 1184 2585 hoc
1208 2531 1348 2582 castellum

235 2603 419 2668 cognorimus
446 2597 595 2660 Pashleio,
626 2599 672 2664 qui
696 2599 776 2658 dicit,
810 2598 951 2664 reliquiae
976 2599 1170 2652 columnarum
1203 2613 1348 2666 rasumque

234 2683 321 2736 prope
340 2670 433 2718 ricum
451 2669 598 2733 'l'rypeten
618 2666 707 2732 (quod
728 2681 777 2716 no·
811 2673 839 2718 et
873 2666 994 2716 aliarum
1030 2682 1126 2718 rerum
1160 2671 1348 2736 reperiuntur,

236 2752 298 2787 men
327 2751 343 2785 a
362 2751 429 2800 rupe
449 2742 586 2787 excavata
604 2741 698 2786 ortum
717 2740 777 2795 est;
811 2750 883 2803 qnae
903 2737 955 2784 etsi
977 2733 1098 2787 sortasse
1112 2744 1272 2804 temporum
1290 2741 1349 2786 sunt

235 2812 277 2855 est
300 2803 377 2854 “enim
402 2805 529 2868 'l'rypete
561 2809 590 2853 et
615 2809 777 2867 promonto-
810 2805 996 2868 Venetorum,
1016 2810 1108 2855 caurien
1128 2814 1157 2856 et
1176 2812 1278 2858 natura
1298 2803 1349 2854 loci

234 2874 305 2932 rium
326 2871 477 2931 ctvicns3)
514 2883 570 2919 non
591 2869 675 2920 modo
699 2885 778 2934 repe·
810 2870 1097 2934 facilcxadducimur
1133 2881 1164 2924 ut
1199 2874 1349 2929 credamus,

232 2941 282 2990 riri
301 2939 420 3002 paullum
437 2938 615 3004 antiquorum
634 2937 776 2990 aedilicio-
811 2936 864 2988 hoc
886 2939 949 2988 loco
969 2936 1021 2989 hoc
1039 2940 1115 3008 quod
1136 2943 1165 2991 in
1186 2941 1294 3007 periplo
1313 2939 1349 2988 di·

235 3022 304 3066 rum,
330 3005 378 3054 scd
405 3007 490 3056 etiam
510 3017 572 3056 esse
592 3007 776 3072 ricum‚'qui
811 3008 885 3056 citur
912 3007 1044 3071 oppidum
1075 2996 1248 3074 Calamyde‘n
1283 3007 1349 3074 posi·

234 3068 403 3124 Boonolnior
431 3071 605 3136 appelletur,
633 3073 709 3138 qnod
728 3088 779 3134 nog
811 3080 868 3123 tum
889 3074 986 3126 luisse.
1023 3074 1163 3128 Numerus
1182 3074 1222 3130 ov'
1242 3077 1349 3128 omnino

235 3156 366 3192 mennon
386 3140 491 3205 injuria
515 3141 662 3206 antiquum
680 3141 707 3191 ei
728 3157 775 3191 no·
811 3142 902 3192 falsus
927 3149 985 3203 est;
1021 3141 1143 3194 fortasse
1177 3144 1350 3196 scribendum

234 3226 297 3261 nrcn
316 3223 485 3259 consecrare
504 3209 627 3258 videtur.
811 3216 855 3260 est
873 3205 895 3273 ξ’
914 3211 959 3260 rel
977 3205 1014 3262 π’.
1050 3212 1137 3264 l'lane
1162 3220 1242 3264 recte
1261 3217 1350 3266 autem

271 3281 302 3339 ll
331 3276 513 3328 scribendum
534 3286 576 3327 est
594 3273 704 3336 Σνΐαν,
732 3275 774 3328 ef.
811 3277 857 3344 qui
875 3278 1003 3343 sequitur·
1023 3295 1154 3331 numerus
1173 3277 1196 3331 l'
1213 3297 1245 3332 se
1265 3281 1351 3338 habet,

235 3343 403 3412 Stephanus,
423 3343 509 3410 Συΐα,
518 3341 599 3405 πόλις
604 3337 694 3428 praed
704 3341 776 3411 Κρή·
811 3348 835 3395 si
861 3361 915 3412 quo
935 3348 998 3396 loco
1019 3347 1141 3398 diximus
1162 3349 1248 3400 sitam
1269 3351 1350 3401 luisse

186 3471 192 3478 x
233 3433 289 3481 της,
309 3409 432 3465 ἐπίνειον
450 3401 522 3464 οὖσα
540 3415 588 3480 τῆς
609 3407 775 3478 Biriciana*
812 3413 1350 3478 Calanrydcm‚rereiddiuimus.Nam

233 3481 349 3548 πολίτης
365 3475 490 3547 Συϊοῖτης
506 3481 554 3532 καὶ
570 3477 681 3542 Eulalia.
718 3481 776 3530 llo-
811 3496 899 3546 parro
919 3482 1069 3534 inter-rullo
1084 3477 1212 3553 sequitur
1226 3501 1351 3552 promon-

235 3551 323 3601 dieis
342 3549 664 3601 lccusSuiadicitur.
698 3547 776 3598 Posi·
811 3551 931 3611 terium,
975 3551 1051 3617 quod
1091 3558 1202 3604 veteres
1247 3559 1352 3620 caput

234 3624 280 3669 tus
307 3623 350 3668 est
375 3624 468 3668 autem
490 3616 525 3667 ad
552 3632 664 3682 parrum
683 3617 775 3665 sinum
812 3619 949 3668 arietis
969 3628 1152 3672 rocaverunt.
1171 3621 1351 3676 NuncKrio

235 3693 263 3736 et
286 3683 775 3736 lluriulumineumseinfunden·
811 3686 925 3738 dicitur.
1129 3723 1131 3726 -
1303 3719 1306 3726 »

235 3755 306 3806 deur.
353 3755 472 3804 Restant
509 3753 644 3805 nonnulla
679 3768 776 3804 monu·
844 3753 875 3813 41
911 3755 991 3806 llaec
1015 3755 1105 3822 igitur
1123 3757 1214 3808 altera
1233 3759 1353 3812 Biennus

234 3830 328 3873 menta
347 3823 523 3888 antiquorum
543 3821 707 3872 incolarum.
811 3833 869 3882 est;
906 3837 976 3889 quae
1004 3838 1065 3873 cum
1092 3840 1109 3874 a
1137 3827 1231 3892 capite
1258 3830 1354 3880 arietis

268 3889 295 3949 2)
335 3889 449 3939 Excidit
467 3889 594 3956 aliquid,
623 3889 674 3940 sed
701 3887 776 3939 haud
810 3898 919 3943 tantum
945 3892 1095 3942 duodecim
1122 3888 1228 3946 'abesse
1265 3896 1355 3948 stadia

236 3956 321 4008 dubie
357 3955 427 4018 nihil
462 3963 573 4023 praeter
607 3971 776 4017 mensuram,
811 3961 948 4020 dicatur„
976 3960 1194 4013 existimandum
1225 3972 1270 4015 est
1296 3980 1354 4016 eant

233 4041 305 4092 quae
324 4032 398 4076 esset
416 4025 491 4075 inter
510 4025 625 4091 Syiam,
651 4027 776 4076 Lissum·
810 4027 897 4079 fnisse
916 4029 955 4078 ini
967 4028 1097 4094 positam,
1109 4030 1158 4080 ubi
1176 4033 1273 4084 statim
1292 4032 1355 4083 inde

234 4109 287 4161 qne
308 4099 336 4143 ct
364 4090 445 4157 hujus
469 4093 558 4168 ipsius
577 4094 654 4144 urbis
674 4093 778 4145 descri-
811 4096 846 4148 ab
864 4097 916 4146 illo
935 4100 1128 4161 promunturio
1147 4113 1250 4164 parrus
1279 4102 1354 4151 sinus

234 4164 369 4226 ptionem,
391 4177 454 4211 nam
471 4165 665 4228 parrnspatio
685 4161 777 4212 abfuit
811 4176 869 4228 est,
898 4166 945 4230 qni
973 4165 1086 4216 ridetur
1114 4182 1246 4236 perquam
1274 4177 1355 4236 aptus

234 4230 331 4281 Lissus
361 4245 378 4281 a
410 4228 488 4294 Syia.
541 4231 638 4282 Lissus
672 4236 775 4294 autom,
810 4233 845 4285 ad
865 4231 1064 4300 appellendum
1087 4249 1158 4287 esse.
