2872 4814
227 323 291 390 244
437 320 728 384 ΣΤΑΔΙΛΣΜΟΣ
745 319 856 380 HTOI
873 317 1133 380 ΠΕΡΙΠΛΟΤΣ

230 514 291 583 θος
311 500 429 582 stadt.
462 502 537 570 ’Λπό
558 509 615 570 τοῦ
636 510 776 588 ποταμοῦ
799 499 926 572 Ξάνθου
948 503 993 579 εἰς
1007 499 1156 579 Πῦᾱννςι
1182 499 1328 577 {erudiise

229 608 312 672 stud.
341 600 377 682 ξ’.
418 602 493 669 ’And
516 603 651 670 Πύδνων
671 605 728 680 ἕως
749 609 803 686 τῆς
819 603 916 687 Ἱερᾶς
935 602 1054 686 depe&
1066 585 1162 702 froid.
1184 598 1224 666 π’.
1264 597 1326 666 Ἀπὸ

219 707 322 791 ’Ἱερᾶς
342 705 437 788 ἄκρας
458 705 503 780 εἰς
522 705 757 788 Κνλαβνντίνν3
782 705 862 772 erud.
885 699 920 768 λ’.
961 698 1037 766 ’find
1061 702 1275 786 Καλαβαντίων
1293 703 1328 776 εἰς

231 807 396 891 Περδικίας
416 807 498 869 stud.
522 799 556 870 ν’.
577 799 652 868 ’Arm
676 805 851 887 Hepdutluu
875 804 919 880 εἰς
939 796 1086 880 Κισόίδας
1106 804 1188 866 stud.
1209 797 1244 866 ν’.
1264 798 1327 865 'Arm

230 975 327 1052 Supra
353 994 418 1032 eum
445 981 491 1028 est
515 970 585 1027 urbs
605 967 744 1026 Xanthus
766 969 867 1026 stodiis
887 971 935 1027 uu.
985 969 1010 1027 A
1038 969 1127 1027 fluvio
1157 968 1277 1034 Xantho
1298 968 1328 1025 tul

230 1052 366 1130 Pydnae,
393 1051 505 1106 direeto
524 1063 628 1115 eursu,
653 1045 750 1110 stadia
768 1050 816 1102 uu.
856 1049 881 1103 Α
901 1045 1012 1124 l'ydnis
1033 1045 1182 1121 usquead
1204 1065 1329 1121 promon-

231 1130 339 1186 torium
359 1126 482 1184 Suerum
507 1121 602 1180 studio
621 1123 666 1178 80.
698 1123 723 1178 Α
749 1125 951 1196 promontorio
971 1122 1062 1182 Sacro
1082 1121 1119 1178 od
1142 1120 1329 1178 Celadontinn

119 1189 128 1202 ’
230 1203 327 1262 stadio
351 1206 399 1259 3⁰.
433 1197 649 1258 A'Culobontis
668 1196 706 1254 nd
725 1197 873 1256 Perdieios
894 1198 997 1268 ¹stadio
1020 1197 1066 1254 50.
1101 1197 1284 1256 APerdieiis
1300 1195 1330 1252 od

682 1387 690 1408 t

229 1395 316 1452 θόντι
347 1391 479 1464 ἑξήκοντα
507 1388 526 1462 ἡ
561 1388 643 1456 πόλις
713 1393 770 1445 teir
804 1407 852 1443 cus
871 1392 961 1443 sulum
981 1392 1009 1444 in
1028 1390 1081 1442 hoc
1096 1391 1208 1459 periplo
1225 1406 1331 1444 conrnu-

230 1465 368 1526 Ξανθίων
386 1459 452 1524 ἐστὶ,
471 1460 585 1530 μεγίστη
599 1463 655 1514 τῶν
671 1411 702 1514 iv
716 1465 770 1514 Au·
804 1469 945 1522 moratur,
963 1461 1039 1528 quud
1057 1461 1132 1511 idem
1152 1463 1187 1513 de
1204 1461 1329 1512 Perdieiis

231 1535 290 1600 κίᾳ.
326 1532 382 1586 Cir.
403 1534 489 1584 etium
507 1529 661 1584 Plin.l.l.
698 1529 769 1582 Sunt
804 1540 832 1580 et
850 1531 1007 1598 Cissidibus
1027 1529 1173 1582 dicendum
1192 1537 1246 1586 est.
1284 1528 1331 1582 Nu-

232 1603 313 1655 hnius
338 1599 446 1652 Xanthi
468 1598 573 1652 multae
602 1599 769 1668 nobilesque
805 1613 868 1649 rnen
891 1599 1197 1650 Culnbuntiurum
1218 1598 1331 1650 fortasse

231 1669 380 1738 reliquiae.
805 1665 868 1717 hine
882 1674 974 1718 ortum
995 1673 1047 1728 est,
1066 1667 1143 1735 quod
1162 1668 1192 1718 id
1210 1667 1332 1734 oppidum

268 1741 293 1793 ll
311 1739 419 1792 Herum
443 1735 607 1804 Pydnnrum
632 1750 770 1803 nusquam
804 1737 833 1786 in
851 1735 924 1788 colle
940 1737 1019 1787 aditu
1036 1750 1155 1786 amoeno
1172 1737 1260 1788 situm
1278 1734 1333 1786 luit.

233 1808 303 1860 alini
333 1807 436 1858 mentio
462 1805 502 1859 fit.
552 1807 609 1858 Eas
629 1805 669 1854 ibi
697 1805 769 1854 heu·
805 1804 1063 1855 Perdicinrunr
1093 1819 1195 1856 nomen
1221 1805 1333 1856 lentaeue

231 1875 297 1928 liius
315 1876 477 1942 suspicatur
495 1873 597 1936 fuisse,
620 1874 668 1923 ubi
682 1869 769 1923 hodie
805 1889 822 1924 a
845 1873 926 1940 copie
951 1873 1113 1939 perdicum,
1138 1887 1211 1939 quue
1236 1872 1333 1924 inille

231 1941 434 2000 Zeitunlik
459 1949 512 1994 est.
563 1941 645 2004 Quod
677 1949 769 1992 nutem
804 1942 867 1992 loeo
896 1948 986 2002 esset,
1019 1941 1176 1992 ducendum
1206 1948 1260 1994 est.
1293 1939 1334 1990 die

231 2013 269 2066 ud
285 2009 450 2062 firmandum
464 2008 708 2062 eamsententium
722 2008 771 2058 nd·
805 2008 992 2074 Beaulortius
1012 2025 1037 2075 p.
1056 2009 1089 2060 23
1108 2010 1205 2072 tradit,
1223 2007 1332 2060 insulan

234 2082 293 2146 dit,
314 2080 355 2129 ibi
376 2095 394 2130 a
412 2076 579 2130 Beeufortio
599 2084 707 2128 veteres
728 2093 770 2128 re·
806 2076 1067 2140 volieliisten,
1088 2093 1160 2145 quoe
1186 2092 1259 2129 nune
1278 2077 1336 2128 lia·

212 2148 338 2216 liquias
357 2147 438 2200 urbis
456 2162 516 2198 esse
535 2153 716 2212 conspectus,
740 2145 769 2196 id
805 2144 912 2198 leuna
929 2147 987 2197 sire
1008 2152 1040 2196 ut
1058 2147 1170 2198 'l‘ureuo
1189 2146 1334 2214 loquuntur

232 2218 261 2270 in
293 2217 366 2268 libro
399 2214 607 2266 Beeufurtieno
638 2214 769 2265 invenire
805 2215 994 2280 liukyowo
1018 2213 1139 2277 dieitur,
1165 2213 1219 2266 hoe
1244 2229 1335 2265 nomen

232 2300 288 2337 non
306 2283 455 2352 potuimus
493 2286 560 2336 Cum
586 2284 624 2334 sit
641 2283 769 2334 additum
804 2283 1141 2350 Meletioaueturemir.
1166 2285 1335 2351 eiusgeugr.

201 2370 202 2378 ¹
233 2345 276 2408 ἐπ’
293 2349 423 2419 εὐθείας,
449 2351 546 2420 colligi
564 2352 648 2413 licet,
667 2349 772 2402 habere
805 2360 860 2404 ret.
881 2361 909 2403 et
927 2368 989 2407 nov.
1016 2351 1084 2418 luye.
1112 2353 1337 2412 Venut.1i25)u

233 2438 313 2474 orum
332 2422 408 2472 inter
428 2422 532 2472 Patara
550 2429 579 2472 et
597 2419 712 2486 Pydnes
731 2435 771 2470 re·
807 2421 922 2472 colonia
939 2421 1131 2486 liprensium,
1159 2437 1231 2488 quoe
1249 2421 1336 2472 sedem

233 2489 476 2555 cessusmeiores.
500 2489 588 2550 Num,
607 2489 682 2556 quod
704 2489 774 2539 beu·
806 2491 836 2539 in
882 2506 916 2541 ea
958 2489 1145 2552 collocasset,
1187 2489 1336 2556 accepisse,

231 2557 297 2611 liius
322 2558 500 2625 suspicatur,
531 2557 649 2623 Pydnae
675 2557 775 2622 Cydno
807 2567 838 2609 et
869 2558 899 2608 id
929 2559 1041 2624 quidem
1083 2563 1201 2624 propter
1233 2559 1335 2624 copiam

233 2628 308 2693 sint,
328 2641 412 2693 quum
431 2626 612 2678 Ptolemaeus
630 2627 660 2676 in
685 2626 773 2676 medi·
811 2625 974 2693 perdicum,
1016 2641 1079 2676 num
1112 2622 1254 2695 κακκάβην
1285 2639 1339 2692 per·

235 2696 376 2747 terraneis
401 2693 514 2760 oppidis
545 2695 627 2746 iuxta
651 2701 773 2744 montem
809 2696 900 2746 dicem
919 2693 1080 2761 significare
1103 2701 1224 2748 constet.
1265 2695 1337 2756 Quae

234 2764 355 2830 Cragum
375 2763 475 2828 positis
493 2761 593 2826 refert,
612 2762 641 2814 id
660 2763 773 2814 ridetur
807 2779 873 2815 eres
913 2778 974 2812 eunt
1020 2763 1071 2812 illo
1111 2778 1223 2830 quoque
1264 2763 1337 2822 loru,

234 2830 415 2901 vehementer
435 2830 620 2883 dubitandum
639 2847 713 2886 esse.
808 2849 862 2900 quo
900 2831 1046 2882 l‘erdiciae
1085 2830 1212 2892 luerunt,
1244 2845 1349 2898 onogun-

268 2900 296 2963 2)
316 2899 379 2948 lluc
404 2900 645 2965 promontorium,
671 2915 774 2966 magno
809 2900 989 2950 rtrultitutline
1022 2909 1213 2967 congregatae
1242 2907 1339 2956 essem,

235 2966 422 3032 amplitudine
444 2975 473 3018 et
490 2982 545 3034 quo
566 2982 645 3017 mons
663 2968 772 3034 Cragus
807 2967 872 3018 hine
897 2969 973 3018 istud
1000 2984 1101 3018 nornen
1129 2969 1226 3035 oppidi
1252 2975 1339 3019 natum

234 3035 265 3085 in
283 3035 771 3102 mereexit‚eonrtuteurunuplu·
808 3053 868 3092 esse
887 3054 941 3087 nun
961 3035 1129 3088 incredibile
1147 3044 1200 3088 est.
1235 3036 1340 3088 Cissi·

234 3103 308 3153 rium
327 3116 473 3164 cornuum,
491 3118 562 3171 quae
580 3103 681 3155 strabo
707 3112 771 3154 outo
808 3106 889 3156 duni
922 3105 1055 3172 denique·
1076 3120 1176 3157 nomen
1210 3120 1228 3156 a
1262 3104 1338 3169 κίσσῳ

236 3186 299 3223 esse
316 3169 396 3231 dicit,
414 3169 771 3235 sedehodieruonomine,
808 3174 990 3224 derivandum
1023 3179 1167 3240 putemus,
1203 3179 1235 3224 ut
1269 3174 1339 3224 luem

235 3254 290 3308 quo
304 3237 334 3290 id
349 3241 571 3306 promontorium
589 3241 772 3308 significatur,
807 3243 937 3294 ubertate
958 3240 1080 3294 hederae
1096 3241 1239 3294 excellens
1263 3240 1339 3309 signi·

235 3315 344 3362 tantum
362 3314 470 3376 septem
488 3323 550 3362 esse
575 3309 772 3376 suspicandum
807 3311 914 3363 licetur.
941 3311 1022 3372 Quod
1036 3316 1130 3362 eutem
1147 3312 1223 3361 situs
1248 3307 1339 3361 horum

236 3386 288 3431 est.
315 3377 463 3439 Quondam
477 3373 531 3430 hoe
544 3381 773 3446 promontorium
809 3379 935 3430 locurum
949 3381 1063 3438 attinet,
1071 3395 1126 3429 non
1144 3393 1199 3447 ego
1218 3395 1270 3430 eus
1283 3391 1338 3429 con·

235 3447 281 3498 vel
302 3446 451 3513 Cragus,
470 3447 546 3514 quod
569 3446 645 3499 idem
672 3463 772 3500 nomen
808 3449 941 3508 stitutum,
960 3447 1011 3498 sed
1031 3445 1116 3498 fusile
1135 3457 1179 3498 est
1204 3447 1339 3514 intellige·

235 3513 379 3582 oppidum,
398 3513 474 3581 quod
488 3516 517 3565 in
539 3531 573 3567 eo
586 3514 649 3578 luit,
664 3515 774 3580 habuit,
809 3531 854 3576 re,
878 3530 958 3583 quem
973 3517 1234 3582 opportunoslocus
1251 3517 1286 3568 ad
1299 3513 1339 3566 liu·

231 3585 281 3635 'rel
299 3584 771 3660 promontorium'seerum,
808 3585 955 3635 bitandum
985 3584 1169 3636 multitudine
1193 3585 1338 3638 inflexuuui

236 3649 414 3704 hauddubie
433 3656 482 3702 aut
506 3651 542 3702 ob
561 3653 695 3718 templum
723 3653 774 3704 eli·
809 3668 842 3704 ec
861 3668 1022 3705 recessuum
1043 3650 1195 3705 haeceine
1217 3669 1283 3721 porr
1299 3651 1339 3704 hs·

236 3719 317 3772 cuius
338 3719 383 3772 dei
410 3719 451 3770 ibi
477 3727 639 3784 extructum
662 3728 712 3773 aut
737 3721 772 3772 ob
808 3721 1202 3789 beutpquueupromontnrio
1218 3717 1338 3774 saerond

237 3789 331 3840 lucum
357 3787 405 3840 dri
429 3788 550 3840 alieuius
575 3805 701 3852 sacrum,
726 3806 773 3855 np-
809 3789 976 3856 illudusque
990 3791 1339 3858 pronruntoriumlongunu

238 3855 372 3924 pellaeum
398 3862 458 3915 est:
495 3873 568 3908 nune
591 3858 728 3926 o'l'ureis
745 3858 776 3910 id
810 3866 875 3925 post
890 3863 966 3926 quud
980 3859 1059 3909 sinus
1075 3859 1200 3911 Glaucus
1215 3867 1267 3920 est,
1284 3872 1339 3926 pru·

188 3977 192 3982 ,
236 3924 327 3978 Yedi
344 3925 463 3976 Burun
479 3933 508 3978 et
521 3941 538 3978 a
553 3925 671 3978 Graecis
688 3926 774 3979 llef-
810 3928 895 3979 cedit.
916 3929 959 3978 lle
975 3928 1032 3978 situ
1042 3925 1340 3980 Cissidumeutemior·

235 3999 276 4047 tn
293 3992 373 4058 capi
390 3992 480 4048 idest
497 4003 604 4062 septem
623 3996 708 4064 Gragi
732 4011 776 4046 eu-
810 3993 1218 4048 tusseitealiioussentiendum
1233 4002 1284 4057 est,
1298 3990 1341 4060 qui

236 4062 298 4132 pita
317 4061 436 4116 dieitur,
796 4080 859 4116 *eus
868 4066 896 4116 in
906 4064 956 4115 illo
968 4067 1165 4132 promontorio
1175 4065 1252 4132 quod
1264 4061 1340 4116 modi)

272 4131 299 4190 3)
318 4129 360 4182 lle
375 4129 528 4197 seripturis
542 4129 667 4182 nominis
680 4130 775 4184 eonfe-
810 4135 867 4184 elixi
888 4140 916 4183 et
933 4136 961 4184 in
981 4149 1015 4184 eu
1035 4135 1148 4200 qmdem
1176 4135 1240 4186 loeo
1259 4129 1340 4200 puniit

236 4205 345 4260 rantur,
355 4213 433 4266 quoe
442 4204 514 4252 urite
525 4197 700 4256 dimitemus,
718 4201 773 4254 Lu·
809 4203 857 4256 ubi
874 4217 947 4254 nuuc
960 4200 1028 4254 ¹Suu
1045 4203 1068 4254 Ν
1083 4200 1185 4256 leoli
1199 4209 1260 4270 est3
1272 4203 1340 4252 certe
