2872 4814
311 397 320 426 ,—
336 345 424 406 rire
448 313 669 406 nornine
702 347 950 436 οαΛΑΣΣΗΣ.
1132 349 1201 420 257-

87 527 116 596 τό
138 528 303 614 Κόρμασον
322 525 405 595 σταό.
429 527 486 598 αι’.
507 530 559 594 Ἐκ
577 527 683 594 Ῥόδον
705 530 750 606 είς
769 527 826 613 τήν
846 528 902 595 Καὶ
924 531 1006 596 trud.
1028 526 1113 595 ον’.1
1143 529 1195 599 Ἐκ

88 697 268 776 Carpathium
287 696 382 757 stadie
401 697 467 757 too.
512 697 538 758 E
565 697 669 758 Rhodo
691 699 723 756 in
743 696 804 756 Coe
826 696 922 756 stadia
941 697 1006 756 850.
1046 697 1194 761 Etthodo

85 897 129 932 ται
146 872 226 946 παρὰ
245 877 369 931 Κνιδίαν
395 872 498 945 μακροὶ,
516 871 620 946 όψηίή,
655 891 718 928 rum
734 876 819 929 etiem
835 877 919 929 uliam
935 879 965 929 et
980 892 1040 930 eam
1060 880 1195 934 maiorem
1245 895 1248 899 ·

85 945 170 1015 στένη,
191 941 423 1015 τήνπερίμττρον
436 939 504 999 ὅσον
521 942 622 999 limbo
656 947 821 998 distantiam
850 944 943 998 Rhodi
961 945 1065 1000 eilerre
1082 956 1111 1001 et
1133 952 1193 1004 coi.

84 1016 128 1068 καί
148 1011 355 1082 τεσσαράκοντα
379 1015 516 1083 σταδίων,
545 1012 620 1082 ἔχου·
654 1015 712 1066 lam
746 1029 832 1080 supro
863 1015 1131 1080 demonstravimus,
1159 1021 1195 1070 ab

85 1099 115 1136 σα
141 1077 279 1151 όφοομον.
321 1085 361 1135 do
386 1092 482 1134 nostre
507 1093 620 1135 senten·
655 1097 689 1134 eo
713 1083 812 1134 'l'elurn
832 1081 893 1148 plue
921 1086 1062 1136 sexcentis
1093 1087 1195 1138 stadiis

83 1155 121 1203 tia
146 1155 328 1204 confirmatur
351 1152 518 1215 intervallo,
543 1151 619 1219 quod
653 1149 789 1204 ribbodo
807 1151 877 1203 urbe
901 1152 1019 1205 dirimi·
1043 1155 1107 1216 Quo
1129 1171 1193 1207 oum

83 1224 157 1272 inter
182 1218 235 1271 boo
270 1227 300 1272 et
330 1236 451 1288 sequens
484 1221 618 1287 oppidum
655 1220 757 1281 addet,
779 1219 884 1271 e'l'elo
903 1219 937 1270 ad
960 1220 1192 1285 lieeteremme-

83 1305 143 1340 esse
161 1289 276 1340 dicitur.
313 1288 371 1341 Nec
390 1290 464 1340 enim
490 1290 615 1340 dubitari
654 1289 794 1340 ridionale
810 1290 1035 1354 promontorium
1058 1292 1118 1354 Coi,
1137 1302 1194 1343 sta-

83 1364 192 1426 potest,
212 1358 278 1425 quin
296 1373 347 1426 pro
371 1354 526 1426 Κόημασον
543 1362 619 1425 Καρ·
653 1357 701 1408 dia
719 1373 780 1408 esse
800 1357 900 1425 viginti
920 1368 948 1410 et
967 1363 1108 1419 trecenta,
1139 1363 1193 1411 iam

82 1423 190 1479 irrideor
205 1427 387 1478 scribendum
405 1429 453 1489 sit,
468 1432 618 1494 propterea
653 1428 716 1492 plns
750 1434 895 1496 nongenta
927 1427 1019 1478 stedia
1049 1426 1192 1494 hebemus,

83 1495 160 1564 quod
182 1497 419 1562 interquettuor
447 1497 551 1562 oppida
576 1495 619 1546 in·
652 1495 701 1564 qui
727 1509 859 1546 numeros
889 1511 923 1546 eo
949 1499 1035 1546 etiarn
1063 1507 1193 1565 augetur,

82 1561 617 1630 rulaeCarpathietiaml’osidium
652 1562 728 1634 quod
755 1563 807 1613 illo
834 1563 897 1614 loro
922 1563 1128 1630 dgatbemerus
1157 1566 1194 1620 ad

82 1631 154 1694 tuit,
173 1639 202 1684 et
216 1633 328 1700 quidem
346 1632 381 1683 ad
396 1633 618 1699 septentrionem
651 1633 803 1683 hectorem
823 1637 948 1694 tantum,
973 1649 1029 1682 non
1048 1635 1085 1684 ed
1105 1638 1193 1686 Coum

81 1701 220 1768 positumr
239 1715 275 1752 ex
303 1700 409 1768 hocque
428 1701 534 1753 l'oeidii
560 1701 618 1752 situ
651 1699 757 1766 ipsum,
777 1701 895 1767 positam
920 1701 949 1751 in
975 1703 1194 1768 septentrionali

81 1771 169 1822 etiem
188 1771 258 1820 situs
276 1769 491 1836 Leptitanorum
513 1770 617 1821 consti·
651 1767 760 1820 irmulae
787 1777 883 1835 parte,
912 1769 1007 1820 stedia
1038 1779 1193 1838 computat.

81 1840 191 1900 initur,
211 1853 282 1905 quae
300 1840 361 1890 eine
381 1839 466 1890 dubio
489 1839 519 1888 in
537 1838 619 1889 meri·
653 1837 709 1888 Sed
735 1837 770 1888 de
796 1837 848 1888 huo
872 1837 1030 1888 stadiorum
1063 1855 1194 1892 mensura

81 1907 189 1958 dionali
204 1907 269 1958 'l'eli
285 1905 371 1958 litore
393 1906 517 1960 luerunt.
543 1909 620 1960 inter
652 1905 730 1970 idem
762 1906 958 1964 statuendum,
995 1908 1068 1974 quod
1110 1924 1195 1975 supra

80 1975 180 2028 Telum
201 1980 293 2026 autern
313 1974 538 2044 Carpathumque
557 1976 618 2028 iere
653 1974 881 2042 significavimus.
901 1974 1035 2026 Nostrum
1055 1983 1193 2043 putamur,

81 2045 157 2113 quod
185 2041 230 2095 hio
257 2045 390 2112 scriptum
416 2051 459 2096 est
483 2044 617 2096 intervel-
652 2041 725 2094 bano
749 2046 909 2109 opinionem
941 2043 1088 2107 refellere,
1121 2061 1195 2114 quae

80 2114 140 2164 lum
160 2112 322 2166 intercedit.
342 2109 530 2165 Conseruntur
548 2111 619 2164 liaeo
654 2109 715 2163 lere
740 2120 856 2162 nostrae
879 2114 996 2178 rietatis¹
1013 2113 1195 2182 geographo-

79 2181 168 2232 rerba
186 2181 335 2233 Strabonis
356 2181 397 2245 X,
435 2181 526 2234 Aut:
552 2176 621 2249 ἡδὲ
655 2195 716 2230 rum
743 2184 899 2231 eommunis
932 2186 992 2241 est,
1023 2183 1144 2234 insulem
1177 2199 1195 2235 a

80 2248 193 2302 Χαίκία
210 2248 291 2316 (lineo
308 2255 351 2302 ert
364 2197 458 2302 prelia
477 2251 551 2301 inter
566 2251 621 2300 Te·
654 2247 741 2298 verbo
759 2250 814 2310 τοῖς
837 2263 936 2298 nomen
955 2252 1108 2316 accepisse,
1128 2267 1193 2303 oum

80 2319 141 2369 luni
167 2317 416 2404 der-potbumpue)
440 2319 489 2386 τῆς
526 2314 620 2386 Τήίον
654 2315 798 2368 veteribus
823 2315 925 2367 similis
949 2331 1010 2368 esse
1033 2318 1098 2386 pelli
1124 2321 1195 2370 orili

83 2383 172 2454 διέχει
188 2387 322 2448 σταδίους
338 2384 520 2455 ογόοήιιοντα,
544 2389 620 2453 Καρ·
655 2384 718 2436 vise
758 2393 847 2446 esset,
884 2400 918 2435 no
959 2385 1077 2451 postbeo
1119 2387 1196 2440 idem
1279 2429 1286 2440 ,

81 2451 181 2507 πόθον
208 2450 239 2507 δὲ
264 2455 506 2524 τεσσαρακοσίονς.
542 2454 622 2506 Uter·
655 2467 756 2504 nomen
791 2454 852 2505 urbi
881 2468 994 2520 quoque
1019 2471 1082 2506 esse
1106 2457 1196 2508 tribu·

83 2539 139 2590 que
174 2522 263 2589 igitur
297 2521 621 2592 geographusxtantum
656 2530 733 2582 turn,
765 2522 840 2588 qnod
880 2524 1023 2590 posterius
1060 2523 1196 2578 Straboni

82 2590 273 2708 quadrapintu
296 2594 397 2643 stadiis
426 2591 454 2642 id
482 2597 525 2642 est
548 2593 620 2642 inte·
655 2604 766 2657 quoque
802 2590 844 2641 ita
879 2590 998 2642 ridetur.
1028 2605 1107 2654 esse,
1149 2591 1197 2660 qui

82 2674 136 2724 gro
160 2657 295 2710 miliario
321 2660 483 2728 germanico
516 2657 621 2710 differt.
655 2658 720 2708 libr.
741 2657 824 2725 xlv,
851 2674 876 2724 p.
901 2659 951 2710 tibi
970 2657 1041 2711 haec
1059 2661 1144 2711 dioitr
1166 2655 1201 2710 Ἡ

82 2728 212 2795 Denique
233 2734 264 2777 ut
288 2729 517 2779 confirmaremus
545 2727 620 2778 omni
658 2722 689 2778 db
713 2727 771 2777 τῶν
795 2721 884 2794 Κηόιον
904 2722 987 2786 πόλις
1014 2722 1139 2781 ἐκαλεῖτο
1163 2724 1196 2781 τό

81 2796 167 2846 modo
177 2794 400 2848 emendationem
409 2803 541 2856 nostram,
553 2793 623 2846 liaeo
656 2787 781 2845 παίαιόν
802 2786 996 2846 Ἀστυπάλαια
1025 2795 1075 2849 καὶ
1099 2789 1198 2863 piretro

83 2861 220 2929 stephani
242 2865 329 2926 verba
361 2863 622 2930 transscripsirnuer
657 2857 688 2914 ἐν
706 2855 781 2928 όίίίηο
800 2858 1001 2930 τόπῳ-ὁμοίιος
1019 2857 1066 2917 ἐπὶ
1089 2861 1197 2917 dulcir-

84 2929 260 3016 Κόησαθος,
292 2935 377 3001 νῆσος
417 2930 536 3000 πλησίον
574 2932 624 2999 τῆς
657 2942 707 2999 τη·
727 2926 823 3012 ἔπειτα
847 2925 897 2983 διὰ
916 2925 1014 2984 στάσιν
1037 2928 1199 3002 μετῴκησαν

83 3005 203 3068 Κῡηϊης·
258 2997 425 3063 Διονύσιος·
463 2997 624 3066 Κάρπαθος
659 2999 698 3059 τίς
716 3015 766 3066 την
783 3000 835 3050 νῦν
858 2993 943 3051 πόλιν
966 2997 1032 3066 περί
1054 2996 1086 3054 τό
1108 3003 1199 3054 Σκαν·

84 3063 160 3122 αὖθ’
174 3064 294 3135 ἑτέρωθι
313 3069 381 3123 ποτὶ
400 3064 505 3136 ζόφον·
524 3063 624 3136 typum
660 3063 817 3131 δόοιονιιαί
829 3064 1029 3138 μετωνόμασαν
1044 3071 1112 3122 Καῑν
1128 3065 1199 3138 ὁμω-

84 3131 214 3204 &morie
228 3133 323 3206 Κρήτη
339 3133 487 3206 τιμήεσσα·
500 3131 537 3188 ’Ὁ
552 3131 625 3203 οίκή·
658 3130 751 3200 νόμως
767 3136 803 3204 τῇ
819 3131 903 3206 νήσῳ.
938 3136 993 3188 Sed
1015 3137 1043 3187 in
1063 3153 1098 3190 eo
1119 3139 1201 3190 nobis

83 3225 138 3272 roo
151 3201 325 3270 Καοποίθιος
339 3206 387 3260 καί
400 3205 561 3274 Καρπαθία
576 3203 625 3258 καί
659 3202 761 3254 Strabo
779 3202 869 3254 tatros
890 3219 953 3256 esse
978 3204 1109 3268 videtum
1134 3223 1199 3258 nom

84 3269 268 3340 Καρπόθιον.
564 3297 566 3302 -
659 3285 724 3322 cnm
743 3283 816 3320 nora
834 3271 902 3322 urbs
922 3285 989 3323 mox
1007 3271 1117 3326 divitiis
1140 3276 1200 3342 opi·
1273 3317 1280 3328 ,
1299 3299 1306 3312 x

115 3340 145 3407 1)
165 3341 624 3393 niestadiornmnumerunetiam
659 3339 767 3406 busque
785 3337 918 3400 floreret,
942 3341 978 3392 ab
1004 3338 1055 3392 bae
1080 3350 1142 3394 tota
1159 3346 1202 3394 in·

82 3409 274 3479 Agatbemero
300 3411 483 3461 confirmatur
510 3409 627 3472 direnti,
659 3407 722 3459 rulo
739 3409 883 3474 appellate
901 3414 953 3460 eut.
981 3409 1134 3478 Antiquom
1154 3427 1221 3462 au·-

83 3477 224 3532 ulllrodo
241 3479 358 3530 Cnidum
377 3478 550 3530 nrbemesse
568 3484 624 3529 ota·
660 3480 717 3527 teni
735 3475 868 3542 oppidum
888 3476 973 3528 initio
1000 3472 1072 3532 όίστο
1092 3480 1200 3531 dietum

85 3549 134 3598 dia
160 3547 342 3616 septingenta
373 3554 402 3598 et
431 3561 448 3597 a
474 3546 564 3596 Cnido
587 3546 625 3597 ad
660 3550 719 3606 eot,
738 3559 801 3594 cum
827 3545 905 3614 egris
930 3552 1006 3612 estet
1029 3550 1201 3616 oppositum,

83 3616 206 3667 insulam
223 3618 309 3667 Coum
330 3615 463 3668 ‹lue-enta.
484 3615 531 3666 Sir.
552 3615 625 3665 eninr
659 3621 691 3664 ut
708 3610 833 3666 Athenae
848 3607 910 3667 κατ’
928 3607 1026 3735 όξοηήν
1043 3624 1126 3668 σιτία
1142 3617 1200 3668 dici

992 3701 1008 3735 e

83 3683 266 3753 Agathemeri
309 3685 395 3734 verba
438 3682 627 3752 intelligendu
660 3682 761 3732 nolitne
776 3690 858 3746 sunt,
885 3684 952 3751 quia
1010 3686 1201 3752 eourbrpri-

84 3758 161 3817 sunt,
181 3768 245 3812 non,
263 3752 495 3820 quemadmodum
518 3769 535 3802 u
552 3752 625 3802 Kue·
661 3765 706 3801 ma
725 3754 850 3802 omnium
873 3753 1026 3805 atticorum
1050 3754 1124 3818 suit3
1149 3753 1201 3806 sed

86 3830 168 3874 storo
188 3821 318 3890 quodam,
338 3821 386 3889 qui
415 3821 450 3872 de
474 3821 567 3871 inrulo
586 3821 625 3870 Co
661 3819 736 3870 idem
756 3820 844 3871 etiam
861 3821 904 3872 rel
922 3822 951 3872 in
970 3823 1036 3873 aliie
1054 3825 1140 3876 terrie
1155 3823 1202 3876 rel
1227 3832 1233 3846 ¹

85 3889 627 3957 quaedumconscripsitconscriptaque
661 3889 689 3938 in
713 3888 813 3948 insulto
842 3887 950 3940 loetum
975 3897 1028 3954 est,
1053 3898 1102 3958 ut,
1128 3907 1202 3961 quae

84 3957 318 4010 llelisSexonum
335 3957 627 4010 annombcccxxu
661 3957 769 4024 primae
787 3956 976 4009 conderentur
997 3961 1097 4024 urbes,
1115 3957 1202 4016 ἄστεα

85 4028 194 4088 edidit,
218 4024 324 4080 iactum
350 4033 407 4089 est,
433 4027 481 4088 qui
507 4027 628 4093 putarit,
662 4024 884 4092 appellarentur.
928 4027 997 4078 Cum
1022 4029 1114 4096 igitur
1137 4035 1203 4100 post

84 4095 278 4164 Agathemero
311 4103 430 4148 auctore
458 4093 585 4147 Rhodum
611 4111 628 4146 u
663 4094 730 4144 urbe
756 4109 828 4146 nora
853 4093 909 4145 coe
933 4095 1120 4163 conderetur,
1155 4115 1203 4152 ve-

84 4167 126 4216 Co
144 4161 254 4218 tuntum
269 4166 363 4217 stadie
385 4165 482 4216 uberte
499 4163 627 4216 ducente.
663 4167 709 4213 tue
726 4155 912 4216 Ἀοτνπιίίαια
936 4164 996 4217 dici
1019 4174 1122 4234 coepta
1147 4175 1200 4230 est,

84 4234 151 4288 lloo
176 4239 269 4288 tamon
297 4234 445 4302 addimur,
462 4231 633 4316 Agathone·-
663 4230 740 4298 quod
757 4234 788 4283 in
816 4232 1009 4300 compluribus
1033 4235 1100 4288 aliie
1124 4237 1201 4289 urbi·

952 4319 993 4381 1¹1
