2852 4816
639 387 644 394 “
741 361 813 456 mv

94 666 98 677 Ι
225 589 268 651 cti
290 583 365 652 Geli
393 588 465 652 sive
490 585 689 649 Punctum
711 582 848 648 finale
875 599 1019 650 summae
1040 580 1186 661 detinni,
1208 583 1331 666 imper-

224 689 303 754 fecti
325 707 414 768 vero,
436 683 490 751 vel
512 685 610 750 medii
631 685 759 768 signum
780 684 866 747 imae
887 678 1027 746 adscribi
1048 678 1170 745 solet.“

320 785 393 852 vix
440 789 608 874 quisquam
657 783 767 876 credet
815 781 987 868 quidquam
1035 783 1173 866 reperiri
1215 797 1329 869 posse,

226 885 310 970 quod
340 908 441 973 neque
473 886 604 972 plenum
631 884 828 968 flagitiorum
856 885 962 946 omnis
995 883 1039 947 sit
1069 885 1199 970 generis
1231 895 1331 969 atqua

127 1039 129 1044 .
224 984 287 1050 lroc
308 985 535 1070 fragmentum
579 981 712 1060 Quae
702 1002 775 1069 apsa
805 1003 904 1048 causa
933 981 1007 1063 luit,
1029 995 1066 1046 ut
1085 985 1196 1070 quanti
1216 983 1249 1046 id
1270 981 1330 1048 ha·
1355 987 1360 994 '

223 1083 365 1150 bendum
386 1099 486 1164 esset,
507 1085 571 1148 viri
591 1084 709 1148 eruditi
731 1103 843 1168 parum
866 1084 1076 1151 attenderent.
1118 1083 1168 1148 Ac
1188 1083 1330 1148 fatemur

224 1205 284 1250 uos
305 1188 407 1270 ipsos,
430 1207 502 1249 cum
517 1189 738 1271 coepissemus
756 1183 818 1248 hoc
833 1184 1049 1268 fragmentum
1072 1197 1222 1264 tractare,
1244 1180 1330 1246 rnul-

224 1285 361 1347 titudine
388 1283 516 1348 infinita
546 1287 718 1364 vitiorum,
748 1281 862 1368 quibus
883 1283 1048 1348 foedatum
1069 1285 1110 1348 ad
1132 1303 1191 1348 nos
1212 1305 1330 1370 perve-

224 1386 291 1464 nit,
321 1403 390 1446 nou
415 1395 538 1447 tantum
561 1386 595 1446 in
617 1405 656 1448 eo
679 1386 882 1450 auctoritatis
902 1387 1071 1470 posuisse,
1094 1396 1245 1471 qnantum
1267 1404 1330 1469 par

223 1483 329 1548 iursse
337 1498 411 1569 post
423 1483 698 1590 intelligebamus
713 1479 828 1570 Neque
841 1485 940 1548 etiam
958 1487 1038 1549 satis
1052 1485 1169 1550 uobis·
1160 1506 1194 1548 ιιι
1210 1495 1330 1548 tracta·-

224 1583 313 1646 tione
325 1567 499 1667 fragmenli
514 1587 733 1664 constitimus,
741 1603 817 1647 cum
833 1581 896 1649 ab
887 1587 981 1649 mitio
994 1585 1147 1671 quidquid
1164 1587 1332 1668 corrigen-

224 1682 301 1746 dum
328 1682 421 1746 uobis
450 1685 614 1749 rideretur
641 1687 896 1768 corrigerem,
925 1687 1096 1770 postmodo
1126 1698 1232 1749 autem
1257 1703 1329 1746 ona·

224 1783 346 1846 tionem
368 1787 587 1848 continentem
606 1783 675 1848 iere
696 1786 853 1848 intactam
874 1779 1149 1884 relinqueremus,
1176 1784 1328 1848 emcnda-

224 1903 332 1947 remus
354 1887 442 1947 notis
463 1881 666 1968 subscriptis
707 1881 783 1948 Non
805 1881 887 1948 nihil
908 1899 1016 1949 autern
1044 1907 1065 1950 a
1086 1880 1181 1951 nubis
1204 1884 1328 1946 edendo

224 1983 289 2046 isto
317 1982 498 2067 fragmento
527 1982 589 2066 (id
606 1992 713 2046 autem
749 2003 769 2047 a
795 1981 926 2047 nobis
917 2005 951 2047 ιιι
983 1983 1156 2047 Germania
1190 1984 1327 2068 primum

225 2083 347 2147 facturn
369 2086 432 2163 est)
455 2085 644 2167 praestitum
666 2099 739 2144 essa
760 2079 978 2168 nonnullaque
999 2101 1071 2148 esse
1094 2101 1177 2168 quae
1197 2081 1240 2146 ab
1253 2082 1328 2147 aliis

226 2184 369 2248 nondum
398 2197 507 2248 esseut
533 2184 680 2267 cognita,
703 2178 856 2264 allata,
846 2203 875 2247 ιι
897 2194 1062 2268 agnoscet,
1086 2183 1140 2268 qui
1162 2195 1195 2245 et
1215 2181 1328 2246 irarum

111 2324 114 2329 -
225 2304 333 2347 rarum
363 2286 444 2348 satis
474 2285 599 2367 peritus
627 2294 694 2361 est,
715 2303 775 2348 nec
795 2285 880 2370 quod
901 2281 986 2350 aliae
1007 2294 1134 2366 praeter
1155 2303 1229 2346 sese
1249 2281 1328 2346 lecit

227 2382 268 2446 de
290 2403 330 2446 eo
351 2375 456 2447 secus
470 2397 568 2468 etque
590 2382 751 2447 invidiose
773 2386 955 2448 existimat.
997 2379 1068 2447 Nec
1089 2397 1197 2447 temen
1225 2384 1259 2447 id
1281 2387 1328 2450 sic

226 2482 352 2545 dictum
371 2483 558 2546 existimari
579 2479 738 2560 velim‚ac
760 2483 789 2546 si
811 2503 972 2568 nunquam
986 2487 1130 2546 essemus
1149 2481 1238 2566 falsi,
1255 2503 1327 2547 nam

225 2581 291 2664 ipsi
311 2580 372 2642 iia
394 2599 477 2664 quae
498 2580 731 2662 scripseramus
748 2586 819 2667 jam
842 2582 1010 2666 descriptis
1037 2584 1122 2666 typis
1145 2605 1219 2658 cum
1243 2584 1328 2650 forte
1359 2649 1363 2658 ,

226 2679 334 2744 denuo
355 2680 389 2742 iu
409 2700 463 2743 res
485 2690 640 2745 tractatas
660 2682 897 2763 incidissemus,
919 2701 1048 2746 errasse
1075 2703 1136 2748 nos
1164 2683 1327 2750 intellexi-

226 2799 311 2846 mus.
352 2775 403 2842 lta
434 2781 625 2864 negavimus
655 2779 807 2866 scopulos
845 2779 1044 2846 Melanthios
1074 2797 1204 2868 praeter
1232 2785 1327 2868 hujus

227 2877 346 2966 peripli
368 2891 533 2943 auctorem
555 2891 589 2941 et
610 2878 780 2963 Scylacem
801 2903 991 2969 quemquam
1013 2885 1326 2964 commemoravisse,

228 2999 301 3042 cum
317 2975 435 3042 Strabo
458 2979 556 3041 etiarn
578 2997 687 3042 cerum
702 2978 817 3045 iecerit
830 2984 1037 3062 mentionem,
1059 2983 1117 3046 sed
1137 2995 1172 3048 nt
1192 2983 1254 3049 hoc
1274 2983 1329 3047 ad·

228 3079 341 3142 damus
362 3080 409 3142 ita
427 3090 464 3141 ut
484 3099 596 3143 eorum
617 3081 715 3143 situm
737 3095 947 3147 commutaret
977 3073 1049 3146 cum
1075 3085 1140 3147 nitu
1163 3080 1329 3148 Corassie·

228 3199 311 3246 rum.
352 3173 404 3240 lta
425 3181 636 3262 conjecimus,
664 3183 794 3247 nomine
812 3179 923 3265 ”Apum
946 3182 1030 3265 quod
1057 3194 1108 3246 est
1136 3185 1170 3246 in
1192 3204 1329 3269 apogra-

226 3275 308 3361 pho,
320 3273 500 3358 significari
522 3277 662 3342 insulam
677 3279 797 3364 Symcn
819 3302 936 3367 curque
957 3283 1004 3345 ita
1026 3296 1113 3346 esset
1133 3285 1197 3347 ista
1217 3282 1329 3370 appel-

226 3375 296 3440 lata
323 3376 434 3440 conati
462 3398 574 3442 sumus
600 3378 839 3460 demonstrare,
870 3383 927 3445 sed
957 3405 1040 3449 nunc
1061 3385 1207 3452 videmur
1235 3383 1329 3449 nohis

227 3480 275 3540 ita
296 3485 438 3540 statuere
458 3499 569 3562 posse,
589 3499 649 3563 pro
662 3476 764 3564 ’Ἀγνη
786 3478 991 3548 scribendum
1007 3505 1080 3548 esse
1093 3481 1214 3570 ''Aguqv
1234 3481 1329 3547 iutel-

228 3575 453 3662 ligendamque
472 3599 553 3665 'esse
580 3576 721 3642 insulem
746 3576 872 3659 Casan,
895 3605 977 3669 quae
1000 3581 1105 3650 Plinio
1128 3596 1213 3648 teste
1233 3587 1330 3648 ctiam

175 3750 180 3775 Ι
229 3673 474 3763 ιρριίΙιιιιιιιι
501 3675 652 3744 Achae.
695 3677 746 3741 lta
775 3679 919 3745 diximus
950 3680 1037 3767 lapda
1063 3685 1124 3749 τοῦ
1151 3683 1329 3764 Βυζαντίου

229 3778 262 3839 in
297 3777 517 3863 promontorio
552 3777 674 3856 scrisse,
712 3767 871 3863 quondam
905 3779 1041 3864 Κέρατι,
1085 3805 1169 3847 nunc
1206 3804 1329 3870 cornu

230 3873 496 3960 Saragliouis
518 3877 616 3956 dicto,
638 3874 695 3940 sed
716 3876 843 3942 videtur
865 3878 954 3944 aliud
977 3901 1050 3946 esse
1070 3880 1329 3966 intelligendum,

230 3987 326 4059 atque
353 3972 435 4038 illud
465 3976 612 4060 quidem,
641 3976 726 4060 quod
755 3977 875 4063 templo
902 3977 1121 4046 Calcedonum
1149 4004 1167 4046 e
1196 3984 1331 4070 regione

230 4086 333 4150 esset,
362 4073 508 4160 undeque
539 4076 666 4138 initium
694 4074 829 4141 haberet
849 4099 887 4143 os
909 4077 1048 4164 Bospori
1069 4079 1133 4168 (Cf.
1150 4081 1330 4146 'Griechen

230 4171 305 4238 land
329 4173 393 4236 and
414 4173 468 4237 die
490 4173 662 4240 Griechen.
683 4196 716 4258 p.
737 4177 828 4244 1545.
847 4185 940 4264 sqq).
962 4177 1112 4246 Ceterum
1134 4201 1196 4268 qua
1223 4194 1329 4246 aetate
