2872 4814
218 395 282 460 200
433 389 729 452 ΣΤΑΔΙΑΣΜΟΣ
748 387 857 448 HTOI
876 383 1136 445 ΠΕΡΙΠΛΟΥΣ

219 577 302 640 etad.
324 573 356 651 §.¹
383 572 474 657 ὅρμοι
496 574 554 638 eloi
576 572 643 650 δύο,
668 572 684 636 ὅ
708 571 762 653 μὲν
785 564 988 654 ἐπιμαροιπός,
1012 565 1029 630 o‘
1056 564 1089 630 di
1112 561 1229 640 λευκάς,
1259 565 1337 646 ἕχον·

153 659 156 664 Δ
218 701 267 752 τες
287 671 423 755 ἑκάτεροι
443 671 547 756 ὕδωρ·
571 672 719 736 ἐπίκειται
748 673 780 736 δὲ
802 669 907 736 ἒπάνοι
930 663 1015 750 ἱερὸν
1035 663 1250 747 Ἀφροδίτης·ι
1277 664 1336 726 tet·
1421 677 1422 714 l

218 798 331 838 κεινται
353 771 387 835 δὲ
419 770 469 833 καὶ
499 777 589 851 νῆσοι
611 771 685 835 doio-²
713 774 834 852 ἔχουσαι
860 766 1042 851 οἷμφὸιεραι,
1060 761 1225 838 α’νάπλονς.
1268 759 1336 824 ’And

218 879 274 938 τοῦ
299 871 495 952 Ἀνεμοορλοο
523 877 578 952 τῆς
606 873 746 946 Κιλικίας
775 870 825 933 tat
854 865 909 932 cdv
935 863 1104 946 Ἀκάμαντα
1130 869 1186 943 τῆς
1212 859 1339 941 Κάπρον

200 975 300 1037 ‘crud
322 971 384 1049 ψ.”
429 967 503 1032 ’stab
525 967 708 1050 Ἀκάμαντος
735 969 811 1050 ἔχων
834 962 935 1043 δεξιάν
955 960 1012 1044 τὴν
1032 962 1164 1044 Κύπρον
1186 962 1229 1036 εἰς
1245 959 1339 1043 Ἆρον·

219 1071 315 1152 νόρν4
348 1075 401 1151 τῆς
433 1071 572 1144 Κιλικίας
593 1072 675 1132 ccccl.
705 1067 757 1131 σο.’
797 1065 885 1140 πόλις
912 1064 984 1130 ted·
1006 1064 1110 1145 λιμένα
1132 1063 1192 1143 ἔχει
1220 1062 1339 1142 ἔρημον.

218 1166 351 1252 χειμάζει
399 1167 517 1249 βορέου.
566 1164 639 1230 Ἀπὸ
685 1166 717 1230 δὲ
768 1170 823 1228 τοῦ
864 1167 1068 1249 Κρομιιμκοά8
1094 1161 1145 1228 ἐπὶ
1170 1159 1203 1225 cd
1239 1165 1338 1224 Μελα·

222 1353 272 1409 dia
295 1355 343 1410 00.
384 1350 461 1410 Sunt
482 1351 538 1407 duo
559 1360 671 1448 portus.
696 1351 780 1408 Alter
799 1359 845 1406 est
864 1350 1031 1418 caeruleus,
1052 1345 1338 1404 alterumue-Uter-
1381 1385 1386 1395 ·
1422 1407 1423 1410 ρ

222 1448 279 1504 que
299 1427 389 1484 habet
408 1445 519 1502 aquam.
559 1429 655 1502 bupra
675 1437 774 1483 autem
794 1427 883 1482 situm
903 1433 949 1480 est
969 1423 1108 1496 templum
1128 1422 1263 1480 Veneris.
1284 1422 1337 1480 Ad·
1422 1423 1423 1466 ἴ

220 1507 321 1561 iacent
343 1512 441 1559 autem
462 1503 550 1559 etiam
575 1504 648 1560 duae
670 1504 801 1573 insulae,
831 1519 953 1576 quorum
972 1508 1095 1572 utraque
1116 1498 1204 1578 babet
1222 1499 1335 1556 aditum.

220 1580 264 1636 Ab
285 1580 449 1635 Anemurio
469 1581 673 1653 promontorio
694 1578 814 1636 Ciliciae
845 1577 883 1633 ad
901 1579 1091 1634 Acamantem
1111 1577 1337 1650 promontorium

221 1653 311 1730 Cypri
343 1653 440 1711 stedia
466 1656 530 1710 700.
582 1655 626 1712 Ab
657 1656 816 1712 Acamante
844 1652 978 1709 dextram
1005 1649 1128 1707 habenti
1149 1651 1279 1728 Cyprum
1305 1650 1337 1705 ad

220 1731 382 1800 Arsinoen,
415 1728 518 1786 urbem
539 1729 678 1800 Ciliciae,
705 1731 801 1788 stadia
820 1731 888 1785 270.
929 1727 1006 1784 Urbs
1026 1737 1081 1784 est.
1107 1725 1207 1784 Habet
1227 1735 1337 1802 portum

220 1806 380 1863 desertum.
430 1805 563 1864 Hiberna
589 1825 607 1862 a
633 1807 732 1863 borea.
773 1804 972 1880 ACrommyo
992 1812 1089 1860 eutem
1116 1802 1153 1858 ad
1182 1802 1337 1860 Melabrum

208 1998 280 2035 ,esse
302 1988 431 2048 putemus
447 1982 615 2049 omninoque
631 1997 764 2048 promor·
799 1980 867 2035 λλων
902 1979 1088 2048 τετρακοσίων
1123 1977 1255 2035 ὁδεύοντι
1283 1973 1334 2032 dci

218 2049 591 2116 toriumappellatumesse:
609 2051 668 2103 die
688 2051 764 2119 Spi·
797 2043 938 2117 α’ναπολῆς
961 2045 1008 2102 ἐπὶ
1040 2045 1131 2102 δύσιν·
1167 2048 1231 2102 Εἰσὶ
1257 2044 1287 2101 δὲ
1309 2043 1337 2098 αλ

218 2124 312 2170 taen.
333 2121 424 2185 Atque
445 2115 497 2168 boc
513 2118 697 2170 confirmatur
717 2135 764 2187 pe·
798 2115 848 2185 plu
861 2117 978 2180 Κλεῖδες
998 2117 1082 2184 νησία
1101 2113 1154 2170 du'o
1174 2116 1336 2184 προκείμενα

218 2185 291 2254 riplo
308 2187 415 2252 ipso,in
436 2199 491 2252 quo
505 2184 577 2238 haec
590 2193 762 2256 sequuntur:
798 2188 833 2255 τῇ
850 2183 957 2255 Κάπρῳ
981 2180 1054 2239 κακοὶ
1069 2179 1114 2265 ’τά
1138 2180 1246 2238 imiimi
1273 2179 1336 2266 μέρη

219 2246 304 2321 ὅρμοι
327 2253 380 2306 eici
399 2247 461 2315 δάο,
481 2249 497 2306 ὁ
514 2252 563 2320 μὲν
581 2251 763 2323 ἐπιχάροπος,
798 2255 847 2322 τῆς
865 2251 950 2322 νῆσον
969 2249 1004 2306 τά
1031 2253 1162 2321 διεχοντα
1179 2256 1233 2307 κοιλ
1249 2255 1336 2317 Πορα·

219 2317 287 2375 ddi
304 2317 408 2381 λευκός.
444 2321 516 2388 Nam
542 2323 647 2391 duplex
664 2331 764 2390 portus
797 2339 852 2388 μον
883 2321 1016 2383 σταδίους
1051 2318 1244 2383 ἑπτακοσίους.
1278 2321 1335 2371 Hoc

217 2389 322 2456 probat
358 2391 583 2454 promontorium
625 2395 763 2458 quosdam
798 2391 888 2456 igitur
913 2391 976 2440 loco
1009 2389 1113 2442 Strabo
1140 2391 1211 2442 duas
1234 2387 1336 2440 insulas

219 2457 302 2524 quasi
335 2453 467 2509 babuisse
500 2460 587 2510 sinus.
624 2460 680 2512 Pro
708 2457 766 2513 ἐπί·
798 2473 860 2509 esse
899 2459 995 2510 Clides
1032 2459 1119 2520 dicit,
1154 2457 1230 2528 quod
1265 2459 1335 2508 idem

185 2557 193 2566 ,
218 2517 350 2592 μαρωπὸς
374 2530 467 2576 autem
500 2527 569 2593 quin
594 2523 766 2595 ἐπιχαίροπος
799 2526 899 2592 peripli
927 2533 1025 2577 auctor
1044 2526 1124 2592 dicit,
1146 2528 1199 2578 illo
1218 2532 1342 2592 praeter-¹

218 2591 398 2643 scribendum
417 2593 469 2654 sit,
499 2608 554 2644 non
573 2604 617 2645 est
635 2597 765 2647 dubitan-
799 2609 834 2644 ea
852 2594 925 2646 alias
945 2594 1051 2660 plures.
1072 2593 1191 2655 Plinius,
1207 2601 1240 2644 ut
1257 2606 1335 2659 supra

172 2697 177 2708 .
220 2658 302 2718 dum,
333 2673 501 2726 quamquam
528 2661 665 2727 idipsum
684 2678 765 2715 roca·
797 2660 937 2722 vidimus,
962 2666 1100 2727 quattuor·
1120 2663 1215 2712 Clidcs
1233 2661 1334 2712 insulas

109 2767 112 2774 ,
217 2723 314 2773 bulum
337 2740 355 2775 a
379 2727 459 2775 nullo
487 2728 599 2778 videtur
622 2732 764 2795 scriptore
797 2728 960 2795 dieit,qu0d
979 2727 1210 2780 testePocnckio
1227 2730 1333 2790 itacui,

218 2798 483 2857 esseusurpatun13
502 2794 552 2845 sed
572 2793 765 2860 ιιιέπίλενκος
797 2811 862 2846 nam
885 2803 1022 2862 quattuor
1048 2802 1114 2846 sunt
1142 2797 1253 2848 insulae
1275 2803 1335 2848 unta

217 2857 386 2921 dicebatur,
414 2862 456 2910 ita
480 2861 566 2912 etiam
592 2859 765 2930 ἕπιχάροπος
796 2863 1334 2932 promontoriumClides‚quodnunc

218 2925 277 2976 dici
299 2927 408 2990 potuit:
442 2924 485 2979 Τά
509 2924 583 2994 diupo
607 2939 703 2984 autem
727 2934 762 2984 ab
797 2931 1084 2984 aDivoAndrea
1105 2933 1333 2996 dicitur,sedea·

176 3001 179 3006 '
216 2989 271 3041 hoc
294 2993 435 3058 scriptore
461 2999 688 3059 promontorium
719 3003 762 3050 in·
796 3013 859 3048 rum
885 2998 957 3051 duae
983 3015 1039 3051 non
1064 3001 1184 3064 insulae,
1211 3002 1259 3052 sed
1277 3015 1332 3052 sco·

215 3058 312 3125 telligi
332 3059 443 3120 Clides,
464 3061 557 3112 verbis
577 3063 700 3117 eflicitur
720 3068 762 3118 eis
796 3067 856 3130 puli
880 3075 961 3129 sunt,
991 3083 1026 3118 ex
1053 3083 1108 3135 qno
1134 3071 1331 3137 cognoscimus,

218 3141 291 3192 quae
308 3133 475 3194 sequuntur.
797 3133 865 3184 duas
885 3136 1009 3201 majores
1027 3151 1043 3186 a
1064 3137 1250 3191 Strabone
1266 3153 1332 3188 com-

173 3241 181 3258 ,
253 3195 277 3256 1)
296 3193 376 3246 llaec
394 3195 539 3260 praeclare
556 3195 601 3248 bis
615 3197 762 3252 Strabonis
796 3203 948 3254 memorari
962 3212 991 3256 et
1008 3205 1109 3270 peripli
1126 3213 1252 3271 auctore,
1273 3223 1334 3274 qua==

216 3262 312 3314 verbis
348 3263 568 3324 confirmantur:
588 3259 652 3318 ἐἶπ’
686 3263 761 3334 ἄκρα
796 3284 857 3319 rum
876 3275 1023 3338 utramque
1043 3279 1156 3338 portum
1172 3273 1276 3328 babere
1291 3291 1332 3341 pc·

215 3329 264 3383 καλ
289 3323 365 3396 ὅρος·
390 3324 453 3397 ἡδ’
474 3325 615 3400 α’κριόρεια
633 3339 760 3391 καλεῖται
794 3337 861 3402 ripli
886 3344 988 3389 auctor
1012 3341 1091 3398 sulus
1114 3349 1245 3394 veterum
1274 3359 1330 3412 pro·

210 3392 364 3464 Ὄλυμπος,
380 3393 759 3470 ἕχονοαᾊφροδίτηςἈκραί-
794 3404 877 3461 didit.

215 3483 248 3526 ας
267 3460 352 3529 vodo,
380 3464 488 3522 ἄδυτον
512 3471 622 3534 γυναιξὶ
645 3472 694 3523 καὶ
711 3466 760 3524 οἷό·
828 3474 855 3534 3)
881 3474 937 3525 Pro
963 3471 996 3542 ψ’
1019 3473 1141 3528 fortasse
1166 3475 1196 3544 φ’
1216 3479 1333 3530 scriben-

214 3551 310 3598 ρατον.
347 3533 411 3585 lloo
440 3535 514 3602 quod
538 3535 583 3587 his
608 3542 759 3603 postremis
795 3539 860 3590 dum
889 3550 933 3593 cst
978 3544 1049 3596 Nam
1075 3545 1176 3598 Strabo
1202 3563 1219 3600 a
1244 3549 1332 3600 Croni·

214 3601 321 3654 dictum
340 3609 383 3652 est
400 3603 509 3666 verbis,
528 3602 593 3655 binc
612 3607 693 3657 nubis
717 3608 757 3660 fa·
785 3623 860 3676 myo
879 3613 1076 3675 promontorio
1100 3616 1135 3664 ad
1158 3617 1331 3668 Anemurium

214 3675 289 3720 ctum
308 3668 421 3721 videtur
444 3687 515 3733 esse,
531 3671 603 3740 quod
622 3680 760 3740 mysteria
794 3677 865 3726 dicit
882 3679 975 3730 stadia
991 3683 1156 3734 csseCCCl,
1170 3685 1251 3746 dicit,
1264 3684 1331 3755 quod

213 3737 294 3802 quasi
323 3739 460 3804 quaedam
490 3741 517 3790 in
542 3742 647 3806 templo
668 3743 758 3796 Vene·
794 3760 963 3813 quamquam
975 3749 1332 3813 intervallumbreriuscst,

174 3851 185 3861 ‚
211 3805 253 3856 ris
272 3818 289 3855 a
306 3807 375 3856 siris
394 3807 629 3862 celebratusunt.
793 3828 875 3880 quam
910 3816 986 3881 quod
1017 3825 1061 3868 est
1089 3820 1164 3870 inter
1189 3821 1283 3874 Clides
1306 3827 1332 3872 ct

248 3871 274 3934 2)
295 3871 371 3924 idem
398 3874 502 3926 Strabo
533 3876 604 3927 dicit
629 3876 673 3928 bis
697 3895 756 3930 rer·
791 3881 985 3950 Anemurium,
1012 3891 1105 3938 tamen
1132 3903 1189 3939 non
1208 3896 1251 3941 est
1267 3889 1331 3942 alte·

211 3937 270 3992 bis:
289 3937 462 4006 deusivcul
478 3945 523 4012 (τῇ
535 3939 624 4030 duod)
644 3939 675 3997 δὲ
692 3949 757 4014 πλη·
791 3964 849 4000 rum
869 3951 1054 4018 tantumdem.

212 4007 275 4060 οἱον
291 4003 310 4076 ἡ
327 4011 443 4071 Kleides
461 4012 510 4064 καὶ
527 4016 612 4065 αλλαι
631 4010 662 4064 di
681 4015 756 4066 πλεί·
824 4019 853 4078 4)
880 4018 922 4070 De
948 4019 1000 4071 bac
1019 4021 1087 4073 urbe
1106 4021 1246 4086 diximus,
1273 4039 1331 4077 cum

212 4091 268 4136 ονς.
306 4075 362 4126 Sed
387 4085 452 4128 erite
477 4079 552 4131 idem
580 4081 648 4132 baec
667 4081 755 4140 dixit:
790 4083 826 4135 de
848 4087 956 4152 periplo
972 4088 1089 4144 Ciliciae
1104 4105 1268 4158 ageremus3
1285 4092 1330 4144 sed

210 4143 312 4225 Ιλρῆκμς
337 4139 368 4196 δὲ
394 4138 686 4202 οἷπὸ“τῶνΚλειὸιάν
708 4146 755 4204 ἐπὶ
791 4149 843 4202 boc
877 4157 1002 4218 additur,
1031 4158 1107 4225 quod
1141 4163 1236 4228 priore
1268 4163 1329 4214 loco

210 4227 262 4264 τον
285 4207 437 4279 Ακάμανκα
459 4216 528 4282 πεζῇ
559 4218 683 4270 σταδίων
713 4236 754 4286 χι·
788 4218 835 4272 blo
850 4224 970 4290 scriptor
986 4240 1042 4278 nun
1063 4227 1153 4293 dixit,
1173 4232 1202 4283 in
1220 4238 1329 4300 portum
