2872 4814
172 372 234 435 200
383 363 677 427 ΣΤΑΔΙΑΣΜΟΣ
696 359 806 418 ΗΤΟΙ
827 359 1090 419 ΠΕΡΠΙΛΟΤΣ

173 523 206 617 dl
228 547 312 632 ἱερὸν
333 546 485 629 Ἀθηνᾶς·
510 547 568 628 ἔχει
588 545 732 626 ῧφορμον
754 541 804 604 καὶ
825 539 929 624 δδωρ’
952 539 988 606 τὰ
1011 541 1044 604 δὲ
1066 540 1141 604 r't'llc
1161 537 1300 620 ἠφανισ-

172 654 254 734 μένα.
275 647 347 712 'And
374 649 539 728 Σαμωνόον
561 647 605 720 εἰς
621 641 724 724 Ἱερὰν
748 639 893 705 Πόδνανι
918 643 1001 704 σιαδ.
1022 637 1061 703 π.’
1085 636 1174 713 πόλις
1195 639 1299 700 ἐστὶν·

174 753 234 833 ἔχει
257 749 364 832 ὅρμον.
389 747 449 826 ἔχει
470 745 574 808 δὲκαὶ
595 751 704 826 νῆσον·
727 747 858 805 καλεῖται
876 735 1025 819 Χρόσεα·2
1039 739 1098 818 ἔχει
1120 738 1224 818 λιμένα
1244 737 1301 800 καὶ

174 849 269 933 ὕδωρ.
290 845 364 912 Ἀνιδ
385 843 481 925 Ἱερᾶς
505 843 630 928 Πύδνης
652 845 695 917 εἰς
717 844 841 905 Βιένον3
868 843 949 902 σταδ.
973 838 1005 902 ο.’
1034 836 1194 918 πολίδριόν
1216 838 1303 900 ἔστιν

173 947 283 1030 α’νέχον
311 951 366 1027 τῆς
387 943 552 1024 θαλάσσης.
573 942 645 1008 aad
669 942 777 1004 Βιένοο
801 941 844 1014 εἰς
868 940 1030 1022 Λέβηναν*
1063 940 1144 1000 σιαδ.
1169 937 1200 1000 οἶ
1234 938 1306 1001 ἐκεί

175 1132 221 1189 lbi
246 1141 291 1189 est
318 1129 462 1204 templum
489 1126 621 1186 Veneris.
669 1127 769 1184 Etiam
794 1123 882 1182 lrabet
903 1133 1021 1196 portum
1041 1131 1071 1178 et
1097 1139 1220 1197 aquam;
1248 1142 1303 1178 ce-

177 1219 242 1264 tera
267 1215 366 1262 autem
394 1215 585 1261 evanuerunt.
632 1203 657 1259 A
684 1201 856 1258 Sammonio
883 1198 920 1254 ad
955 1197 1167 1274 Hierapytnam
1201 1199 1304 1254 stadia

175 1286 223 1340 80.
274 1279 352 1338 Urbs
388 1291 443 1334 est.
483 1278 581 1336 Habet
614 1282 711 1335 locum
748 1274 929 1350 appellendi;
969 1273 1056 1330 babet
1095 1292 1165 1330 vero
1206 1277 1304 1330 etiam

174 1359 320 1425 insulam,
361 1373 435 1428 quae
462 1352 575 1430 Chrysa
606 1365 738 1411 vocatur.
791 1351 835 1406 Ea
866 1349 952 1405 habet
981 1361 1097 1422 portum
1124 1360 1155 1412 et
1181 1367 1303 1424 aquam.

179 1433 223 1490 Ab
251 1431 454 1505 Hierapytna.
474 1431 510 1485 ad
537 1430 670 1486 Biennou
710 1427 806 1482 stadia
835 1427 898 1481 180.
948 1423 1127 1498 Oppidulum
1157 1436 1211 1494 est,
1249 1433 1331 1480 su-'

178 1526 235 1583 pra
262 1525 342 1563 marc
368 1506 504 1579 positum.
560 1504 726 1578 Anssienno
752 1501 788 1558 ad
808 1499 955 1557 hebenum
981 1500 1076 1556 stadia
1102 1503 1148 1556 80.
1189 1499 1305 1556 Contra

176 1701 402 1769 promontorium
429 1699 510 1766 qnasi
535 1716 551 1752 a
576 1701 659 1754 litore
683 1701 725 1751 in·
758 1699 907 1750 ronissa
932 1697 992 1749 sive
1015 1694 1225 1748 Caldoroni
1256 1695 1305 1746 di·

178 1771 258 1821 sulae
278 1771 397 1820 scissum
416 1769 539 1819 videtur.
560 1769 591 1819 ln
611 1785 644 1820 ea
662 1770 724 1835 ipsa
758 1769 847 1830 citur„
939 1821 942 1826 ,

176 1839 301 1888 scissura
318 1837 411 1903 plures
429 1837 538 1887 insulae
551 1839 657 1903 jacent,
675 1853 724 1889 an·
791 1837 818 1896 3)
837 1835 881 1885 De
906 1829 962 1881 hoc
986 1832 1089 1898 oppido
1114 1830 1183 1883 baec
1206 1845 1307 1912 exper-

175 1907 264 1973 tiquis
294 1904 469 1971 temporibus
501 1906 652 1958 Plotiae
681 1907 723 1957 di·
758 1907 815 1971 psit
848 1898 1020 1966 Stephanus:
1041 1899 1185 1982 ,Βόεννομ
1218 1902 1308 1981 πόλις
1378 1911 1380 1918 ’

177 1980 249 2034 ctae,
270 1989 345 2023 nunc
363 1972 525 2034 Grada-s,
547 1973 642 2024 saltim
669 1987 724 2023 om·
758 1968 878 2038 Κρήτης·
904 1966 931 2020 ol
955 1965 1005 2032 μὲν
1029 1986 1086 2020 arro
1114 1971 1229 2020 Βιεννον
1248 1985 1305 2019 του

177 2041 256 2092 nium
274 2041 404 2090 maxima.
650 2088 656 2100 ,
757 2033 977 2102 ταῖνΚονρήτων
994 2031 1055 2097 ἑνός
1083 2029 1230 2088 albicini
1251 2038 1307 2102 τῆς

211 2111 237 2169 l)
256 2107 300 2159 lta
318 2121 420 2158 nomeu
439 2105 491 2158 boc
506 2123 522 2157 a
534 2107 721 2158 Constantino
756 2107 822 2172 περὶ
835 2102 957 2170 τόγ”Αρη
967 2101 1113 2170 γενομένης
1126 2103 1198 2187 βόαςὶ,
1208 2095 1243 2188 ἣν
1256 2099 1306 2155 ἐν·

178 2190 292 2243 quoque
326 2173 476 2236 scribitur,
512 2175 588 2242 quod
614 2183 724 2226 veteres
758 2177 855 2229 ιαόδα
878 2171 1014 2226 δεδέσθαι
1032 2172 1119 2239 φασὶν
1141 2191 1198 2224 uno
1221 2173 1305 2223 ,Ωιον

99 2245 105 2253 ’
178 2240 278 2296 Πότνα
311 2245 494 2309 scripserunt.
547 2243 724 2295 Vocabulum
757 2239 1308 2310 καὶἘῳιοὶλνονταῑνπαίδωνΠοσειδοῖ-

177 2318 273 2363 autem
298 2308 391 2364 πότνα
422 2317 545 2362 moritum
573 2311 724 2375 sirnillcat,
758 2325 815 2374 νος·
840 2311 889 2363 καὶ
912 2308 992 2376 pappi
1011 2307 1059 2362 καὶ
1075 2311 1128 2360 νόν
1145 2303 1179 2360 τοὶ
1199 2305 1307 2360 καλού-

177 2381 392 2446 quamobrem
411 2380 478 2429 urbs
495 2381 581 2430 etiam
600 2351 662 2448 δεροὶ
678 2377 725 2432 πέ·
778 2398 828 2434 ενα
843 2374 1034 2445 ἑκατομφόνια
1044 2375 1147 2430 θύεται
1162 2379 1202 2444 τῷ
1218 2373 1306 2442 Ἄρει·

115 2465 117 2474 ’
177 2466 232 2513 τρο
257 2447 401 2513 appellata
428 2454 488 2514 est,
520 2448 595 2514 quod
623 2462 723 2499 nomen
765 2447 925 2514 Οπολίνης
943 2443 1078 2507 Βιὲννιος.
1114 2445 1156 2495 οο
1180 2446 1243 2495 istis
1260 2447 1311 2511 gi·

179 2514 256 2582 apud
274 2515 465 2567 Ptolemaeum
485 2522 543 2577 est,
573 2514 659 2582 idque
683 2518 724 2566 ri·
757 2516 892 2584 gautibus
910 2513 980 2566 haec
999 2515 1070 2567 dixit
1088 2516 1227 2567 Homerus
1247 2513 1306 2564 od.

178 2583 263 2634 detur
281 2585 365 2635 etiam
383 2582 571 2633 inferioribus
588 2585 722 2650 tempori·
758 2587 806 2636 Xl.
826 2587 888 2642 311,

176 2652 229 2699 bns
254 2649 343 2701 fuisse
368 2652 521 2712 usitatum,
546 2651 623 2716 quod
650 2667 724 2702 nunc
791 2645 946 2718 Ἐννὲωοοι
966 2644 1019 2716 γὰρ
1045 2650 1121 2716 τοίγε
1143 2647 1192 2702 ναὶ
1209 2646 1308 2704 ἐννεα-

177 2716 263 2766 etiam
283 2718 314 2766 id
333 2718 512 2781 oppidulum,
544 2720 620 2784 quod
639 2733 723 2785 prop·
923 2713 1021 2800 πήχεες
1039 2706 1111 2782 ἦσαν

176 2789 222 2834 ter
246 2784 392 2849 antiquum
417 2783 560 2832 conditum
588 2791 648 2845 est,
668 2787 723 2835 Gi·
793 2774 896 2853 Εόροςι
915 2778 989 2849 οἷταρ
1007 2781 1093 2852 μῆκός
1117 2803 1147 2852 γε
1165 2781 1307 2854 γενέσθην

176 2850 337 2914 rapetra
360 2851 420 2901 sire
446 2851 651 2916 Cirapetro
683 2853 725 2901 di·
924 2848 1106 2919 ἐννεόργυιοι.
1295 2861 1309 2888 ·

177 2917 261 2968 citur.
281 2918 548 2984 Fuitautempropc
567 2919 601 2970 ab
617 2921 723 2984 oppido
758 2925 788 2972 et
809 2919 949 2985 Virgilius
970 2923 1038 2977 Aen.
1063 2922 1114 2980 Vl,
1131 2922 1181 2974 582
1196 2919 1267 2972 baec

178 2984 269 3048 collis,
296 2985 324 3034 in
351 3001 406 3051 quo
425 2985 556 3051 luppiter
575 2987 724 3038 colebatur
793 2987 849 3036 Hic
866 2993 895 3039 et
911 2987 1027 3036 Aloidas
1045 2991 1182 3055 geminos,
1203 2990 1305 3040 innua-

177 3051 282 3117 quique
299 3052 367 3101 inde
385 3067 463 3102 sacer
481 3053 643 3114 dicebatur,
671 3058 723 3106 sub
924 3055 972 3106 nia
988 3054 1049 3106 vidi

177 3119 257 3183 cujus
293 3119 439 3169 radicibus
475 3135 537 3170 cum
575 3121 722 3186 paullatim
793 3125 926 3188 Corpora.

177 3185 313 3252 oppidum
331 3193 408 3238 esset
426 3192 534 3247 ortum,
563 3189 593 3238 id
620 3191 724 3242 abillo
758 3192 799 3242 Ab
815 3191 948 3242 Hierocle
967 3188 1021 3240 boc
1038 3192 1172 3258 oppidum
1191 3192 1307 3246 Bienna

176 3269 257 3306 sacro
285 3255 357 3306 colle
381 3270 481 3306 nomen
507 3257 626 3322 accepit.
663 3259 723 3312 Nec
759 3259 1307 3326 dicitur‚mediaqueesseintcrlnatum

176 3338 272 3374 verum
298 3330 438 3390 putamus,
463 3324 539 3390 quod
564 3325 724 3392 Stephanus
758 3336 787 3379 et
804 3329 1025 3394 Hierapytnam,
1045 3335 1076 3379 et
1092 3331 1134 3379 ita
1153 3330 1223 3380 situs
1242 3331 1308 3396 ejus

178 3391 260 3454 dixit,
272 3393 506 3456 Hieranrpytnam
517 3400 602 3444 antea
616 3401 644 3445 et
658 3399 725 3460 Cyr·
759 3396 843 3447 etiam
864 3396 894 3445 in
920 3395 1018 3450 tabula
1042 3403 1087 3448 est
1105 3397 1309 3466 Peutingeria·

176 3459 263 3510 banta
282 3461 522 3511 etCamironesse
542 3463 724 3530 appellatam,
758 3481 811 3522 na,
829 3464 858 3514 in
879 3479 935 3530 qua
951 3464 1073 3530 triginta
1092 3466 1219 3516 millibus
1240 3482 1308 3532 pas-

77 3581 81 3588 ,
175 3543 241 3578 nam
261 3529 338 3594 prius
360 3543 459 3578 nomen
479 3529 720 3594 Hierapytnenses
757 3547 837 3582 suum
857 3532 891 3582 ab
909 3533 1030 3584 Arcadia
1049 3538 1076 3583 et
1093 3533 1195 3601 viginti
1215 3550 1250 3587 m.
1267 3537 1308 3586 ab

176 3609 210 3646 co
236 3595 362 3662 ipsorum
395 3597 499 3662 oppido
532 3598 723 3662 vindicarunt,
758 3601 937 3664 Hierapytna
968 3602 1057 3652 abest.
1094 3603 1156 3662 Quo
1184 3603 1310 3666 accedit,

175 3663 721 3732 utejusoriginemadCorybantumali-
758 3675 788 3718 ut
813 3682 887 3717 nunc
914 3682 1027 3734 qnoque
1057 3669 1135 3719 vicus
1168 3671 1264 3736 aliquo
1288 3689 1309 3724 a

176 3747 259 3796 quem
278 3732 427 3792 referrent,
444 3734 565 3782 alterum
585 3750 629 3797 en,
649 3736 722 3802 quod
757 3737 827 3786 mari
847 3737 942 3802 spatio
970 3738 1042 3786 sitns
1066 3737 1180 3788 dicatur
1203 3739 1307 3806 Βίανο,

176 3799 278 3849 foedus
298 3817 358 3850 curn
381 3801 513 3854 Camiriis
537 3801 628 3852 llbodi
646 3805 722 3854 insu·
758 3805 833 3870 quod
860 3818 958 3854 nomen
979 3805 1046 3871 quin
1066 3806 1101 3856 ab
1120 3807 1235 3872 antiquo
1254 3808 1309 3858 du-

177 3866 222 3916 lae
250 3867 351 3918 facturi
386 3867 439 3918 hos
459 3870 603 3920 'simulata
629 3873 723 3936 prisca
758 3873 876 3922 cendum
895 3873 950 3936 sit,
969 3873 1156 3924 dubitandum
1174 3883 1309 3928 nonest.

176 3937 421 4004 consanguinitate
441 3951 474 3987 eo
494 3937 607 3988 facilius
624 3939 722 3992 inhoc
759 3941 939 4006 Quapropter
967 3955 1021 3990 non
1046 3949 1124 3993 recte
1151 3942 1186 3992 ab
1208 3941 1310 3996 Hoek·

107 4050 119 4068 ,x
179 4004 317 4055 inducere
336 4003 479 4057 volebant.
757 4007 806 4058 lrio
826 4007 880 4058 hoc
899 4009 1032 4074 oppidum
1051 4011 1081 4060 in
1100 4010 1186 4062 litore
1200 4015 1307 4064 Cretae
1332 4027 1338 4035 ·

209 4073 236 4132 2)
262 4074 342 4122 Haec
359 4073 452 4122 insula
471 4075 554 4123 etiam
571 4073 723 4126 Gaudos
757 4077 865 4127 boreali
887 4077 1058 4129 collocatum
1077 4086 1128 4130 est.
1147 4079 1204 4130 Pro
1221 4077 1237 4132 ό
1255 4097 1308 4131 au-

178 4141 323 4192 nominata
341 4149 401 4202 est;
429 4137 566 4192 bodie-ea
584 4149 612 4193 et
631 4143 724 4196 altera
758 4152 814 4196 tem
840 4142 875 4212 μό
899 4147 1079 4198 scribendum
1105 4162 1184 4211 esse,
1215 4150 1244 4199 in
1268 4164 1309 4202 co

177 4207 279 4272 minor,
296 4224 369 4276 quae
387 4223 473 4276 prope
488 4208 576 4276 jacet,
590 4210 722 4264 Gnidon
757 4213 840 4281 plane
858 4215 1031 4268 assentimur
1049 4214 1207 4282 Paablcyo,
1231 4219 1311 4287 Ang-
