2846 4812
215 337 292 414 ‚ece
434 285 721 400 annumerabo
740 295 1125 404 arorsrorffluors

109 602 113 614 ι
200 486 202 490 -
225 517 384 598 ξόνδρειαν
402 515 466 580 κατ’
486 510 604 584 Ἰσσόνι
631 521 712 584 cond.
735 545 782 600 οιι.
832 515 1183 600 Ἀιιίί·’Λλιξοιν(ἲςςείος2
1208 520 1253 596 είς
1280 515 1333 594 τὰς

226 619 364 693 Κιλικίας
395 617 490 694 πίλοις
518 621 597 684 orod.
629 617 661 682 σ.’
703 616 808 700 Ὁμοῦ,
829 619 862 685 ol
888 616 999 694 πάντες
1027 615 1091 684 dul
1123 614 1248 690 Πόλτου
1277 617 1334 692 ἕως

226 723 286 782 erdo
308 717 454 782 Κιλικίων
474 723 583 792 πολιόν
599 719 679 782 arod.
705 705 800 803 ‘dosii

602 863 958 934 ΛοιπόνΚιλικία.
1073 907 1088 936 ι
1159 937 1163 952 Ι

306 1016 386 1084 ’And
409 1024 470 1084 seir
493 1020 638 1084 Κιλικίων
657 1021 787 1083 uolans
814 1017 857 1092 είς
883 1015 917 1082 τό
936 1014 1032 1100 Ἱερόν
1059 1020 1141 1085 arod.
1168 985 1229 1101 pra¹
1244 1023 1333 1082 τοῦτο

225 1187 432 1292 Alexandriam
450 1233 486 1292 ad
506 1233 601 1290 issum
620 1232 715 1290 media
735 1231 815 1298 120..
836 1233 881 1290 Ab
900 1233 1080 1292 Alexandria
1097 1232 1245 1307 usquead
1265 1251 1332 1307 por-

223 1308 406 1439 {absdllfflim
426 1309 521 1367 stadia
536 1311 606 1367 200.
627 1308 772 1366 Universa
790 1308 901 1366 aPalto
921 1327 1015 1388 usque
1033 1310 1070 1367 ad
1092 1307 1194 1367 Portas
1214 1306 1332 1364 Ciliciae

601 1507 757 1576 Deinde
785 1508 953 1573 Cilicia.

299 1662 324 1718 A
359 1661 453 1736 portis
480 1659 590 1721 Ciliciis
624 1678 714 1736 usquc
746 1659 784 1716 ad
811 1657 933 1718 Sacrum
959 1659 1113 1737 [montena]
1140 1657 1237 1717 stadia
1266 1659 1330 1744 120.

262 1852 289 1917 1)
311 1853 340 1903 ln
358 1853 521 1934 apographo
541 1859 596 1904 est:
619 1853 761 1936 ιιοιτισίοοζ
795 1865 847 1905 ον·
862 1847 930 1912 vods
948 1847 979 1904 δὲ
996 1845 1136 1932 χρηομοός
1151 1848 1246 1932 ἔνθεοι
1263 1867 1330 1933 προ·

224 1935 277 2007 pro
302 1935 356 1989 quo
386 1923 488 1974 lrrarte
519 1923 579 1990 legi
609 1923 670 1973 vult
701 1939 755 1974 κατ
793 1921 983 1984 θισπίζοοσιν.
1015 1921 1072 1970 Ηιο
1092 1925 1331 1986 opportunrss1me

136 2023 137 2028 =
233 1994 328 2056 Ισιον,
354 1989 404 2040 sed
427 1994 487 2041 sine
515 1991 574 2041 ullo
603 1990 673 2042 iure.
712 1991 761 2040 Est
794 1989 1332 2056 commemorariputariPliniiuotitlas

224 2060 298 2109 enim
321 2058 452 2124 oppidum
476 2059 569 2122 lssus,
595 2059 668 2126 quod
688 2060 761 2110 Ano·
795 2057 830 2110 V.
855 2059 904 2110 18:
938 2058 1184 2120 Promorltorium‚
1220 2058 1251 2109 in
1275 2070 1330 2126 quo

134 2151 139 2157 ·
223 2140 326 2191 aymus
352 2133 448 2178 noster
466 2121 570 2196 Ἀμισος
594 2128 653 2179 sire
677 2119 761 2194 Ἀμιν-
793 2126 938 2178 Laodicea
957 2125 1056 2180 libera.
1092 2126 1256 2192 Diospolis,
1276 2125 1329 2176 lie-

224 2208 274 2254 σος
290 2195 426 2260 appellat.
793 2195 898 2256 raelea,
915 2192 1086 2256 Charadrus,
1100 2195 1257 2246 Posidium.
1275 2193 1330 2246 De·

261 2262 480 2324 malaxandos
502 2267 568 2331 post
585 2263 709 2316 nobilem
726 2261 759 2312 il·
793 2263 860 2314 iude
886 2264 1111 2331 promontorium
1132 2263 1233 2329 Syriae
1254 2262 1332 2314 Anti·

211 2329 278 2381 iam
298 2331 447 2384 victoriam
473 2332 509 2384 ad
536 2333 624 2383 lssum
645 2334 759 2399 propia·
794 2328 900 2387 achiae.
935 2332 1014 2382 lorus
1041 2333 1104 2399 ipsa
1121 2329 1275 2384 Antiochia
1299 2331 1331 2381 li·

222 2413 307 2466 quam
336 2401 372 2452 de
398 2400 488 2452 Dario
523 2407 696 2467 reportatam
728 2400 758 2450 iu
793 2399 879 2462 bera,
912 2397 1092 2467 Epidaplmes
1121 2403 1330 2470 cognominata,

222 2467 378 2520 Alexandri
394 2471 513 2524 victoris
531 2467 667 2521 bonorem
685 2482 759 2520 oon·
794 2469 901 2520 Oronte
927 2483 1007 2520 amne
1027 2469 1182 2532 dividitor3
1209 2469 1240 2520 iu
1265 2481 1330 2535 pro·

223 2535 285 2588 dita
314 2543 366 2589 est.
405 2539 464 2589 lam
490 2539 605 2606 antiquo
632 2545 762 2604 tempore
793 2537 935 2587 montorio
960 2543 1053 2588 autam
1072 2537 1203 2590 Seleucia
1223 2536 1330 2598 libera,

222 2604 401 2656 scabiosa
419 2606 496 2658 diota
515 2615 559 2658 est
579 2615 695 2674 propter
712 2607 758 2656 ad·
793 2604 888 2656 Pieria
929 2606 1082 2672 appellata.
1136 2605 1227 2673 Super
1268 2620 1329 2656 eam

223 2687 287 2724 rem
318 2689 416 2740 parum
451 2675 603 2728 salubrem.
652 2674 759 2726 Nostra
788 2685 872 2724 'orons
896 2674 1005 2736 eudem,
1031 2689 1086 2742 quo
1114 2675 1187 2726 alius
1207 2675 1330 2734 nomine.

222 2747 318 2794 aetate
336 2743 442 2794 dicitur
460 2745 572 2810 proprie
589 2741 759 2794 lslrende·
793 2743 900 2794 (lasius.
944 2744 1030 2793 (luins
1063 2744 1173 2794 excelsa
1204 2742 1329 2793 altitudo

223 2827 305 2872 run,
331 2811 381 2862 sed
401 2813 483 2880 vulgo
504 2812 759 2874 Scanderone,
794 2817 894 2877 quarta
910 2811 1010 2878 vigilia
1029 2813 1166 2863 orientem
1185 2825 1236 2880 per
1252 2817 1330 2862 tene-

221 2884 256 2930 ut
276 2879 531 2932 Alexandriailla
557 2881 699 2946 Aegyptia
723 2880 758 2931 ab
792 2879 859 2930 bras
884 2877 972 2932 solem
998 2879 1138 2946 adspicit,
1165 2879 1249 2932 brevi
1277 2881 1329 2930 cir·

221 2947 325 2998 ineolis
343 2947 549 2999 Scanderia
569 2949 686 3008 dieitur.
707 2947 760 2997 Ab·
793 2955 920 3000 cumactu
942 2949 1071 3015 corporis
1103 2948 1177 3000 diem
1205 2954 1329 2998 noctem-

223 3021 285 3066 erat
309 3015 343 3065 ab
368 3015 428 3065 lsso
457 3015 492 3066 ad
519 3016 645 3068 sedecim
670 3016 760 3067 millia
792 3031 846 3084 que
872 3018 979 3082 pariter
1001 3015 1160 3070 osteudens.
1200 3016 1329 3068 Ambitus

223 3097 355 3150 passuum
371 3086 433 3134 aive
451 3083 488 3133 ad
513 3085 615 3152 viginti
641 3090 670 3136 et
696 3099 758 3136 ceu·
793 3084 828 3134 ad
855 3099 986 3136 cacumen
1011 3083 1081 3138 XlX
1105 3086 1145 3136 Μ.
1174 3099 1248 3151 pass.
1278 3089 1329 3144 est,

107 3183 113 3190 -
222 3158 282 3202 tum
297 3151 400 3204 stadia.
419 3151 558 3218 Denique,
577 3158 609 3202 ut
624 3151 678 3203 hoc
690 3167 758 3220 quo·
791 3151 914 3204 altitudo
937 3167 986 3218 per
1002 3152 1141 3205 directum
1163 3154 1212 3206 lv.
1241 3154 1278 3205 At
1299 3153 1328 3202 in

131 3242 138 3262 ι
223 3234 278 3286 qne
303 3233 535 3288 commemorem,
559 3221 664 3288 oppida
684 3219 757 3272 Rbo-
792 3235 842 3270 ora
867 3222 956 3272 amnis
981 3222 1121 3283 Orontes,
1146 3228 1229 3274 natus
1255 3223 1329 3272 inter

220 3301 286 3348 sos,
311 3289 511 3356 Myriandros,
542 3289 715 3342 Alexandria
741 3306 759 3341 a
791 3289 929 3340 Libanum
947 3291 1029 3341 iusta
1047 3285 1220 3356 Heliopolim
1243 3289 1328 3356 Op'pi-

107 3411 111 3429 !
222 3357 364 3412 Strabone
380 3357 410 3408 in
428 3358 503 3410 desc.
519 3357 637 3410 Ciliciae
655 3373 758 3410 memo·
793 3357 859 3406 dum
879 3356 990 3410 Rhosos
1017 3364 1047 3410 ct
1071 3373 1088 3409 a
1113 3364 1196 3426 tergo
1222 3357 1327 3409 Portae

221 3433 323 3479 raotur
346 3426 423 3478 XlV.
449 3442 474 3492 p.
500 3425 551 3478 did
578 3425 622 3477 his
646 3428 756 3479 verbis:
792 3418 864 3492 auae
892 3425 993 3491 Syriae
1020 3427 1213 3493 appellantur,
1241 3427 1328 3478 iuter·

219 3489 290 3560 pred
307 3489 341 3546 ab
359 3493 477 3561 Αἰγαίας
494 3487 579 3556 Ἰσσός
601 3495 756 3564 πολίχνιον,
792 3493 867 3545 vallo
908 3493 1079 3546 Rbusiorum
1122 3496 1258 3546 montium
1300 3503 1328 3547 et

219 3553 351 3628 όφοςμον
368 3558 512 3630 &perfudi
530 3557 655 3630 ποταμός
669 3563 756 3616 Πίνα-
794 3562 894 3614 Tauri.
931 3564 964 3613 ln
983 3578 1034 3615 ora
1050 3563 1183 3630 oppidum
1201 3563 1328 3629 Myrian-

222 3647 279 3696 ρος.
316 3623 460 3684 'meotida
480 3627 496 3684 ό
516 3625 593 3699 ἅγιόν
610 3627 758 3685 συνέπεσεν
792 3629 870 3694 drus,
888 3645 967 3682 mona
977 3631 1108 3694 Aruaaus,
1125 3633 1155 3682 io
1175 3646 1232 3700 quo
1250 3631 1326 3699 oppi-

158 3696 188 3734 '·
219 3691 385 3764 Ἀλεξάνδρον
414 3697 464 3752 nol
490 3699 618 3766 Δορείω·
656 3698 705 3753 καί
740 3694 757 3752 ό
791 3699 857 3750 dum
874 3699 1013 3752 Bomitae.
1044 3702 1108 3767 lpse
1129 3701 1164 3752 ab
1183 3700 1264 3766 Syris
1283 3700 1326 3750 ei-

219 3762 324 3827 ιιόλπος
347 3749 377 3820 εί
389 3785 455 3834 pent
480 3751 606 3830 Ἷσοικόξ·
633 3763 663 3820 ἐν
680 3760 759 3836 calepi
791 3767 884 3818 liciam
904 3775 1029 3836 separat.

221 3830 254 3887 di
277 3830 358 3895 πόλις
385 3831 480 3897 Ρωσός
502 3835 550 3889 καὶ
569 3835 759 3903 Μορίᾱνδςος
826 3834 854 3898 3)
874 3833 1056 3904 computatio
1075 3834 1201 3887 omnium
1218 3835 1324 3886 stadio·

220 3897 303 3969 ἑπὲςοι
319 3899 417 3966 πόλις,
434 3903 483 3957 καί
495 3898 692 3971 Ἀλεξάνδρεια,
709 3903 758 3956 κοιλ
791 3917 852 3956 rum
872 3904 959 3956 eliieit
980 3899 1130 3974 sexaginta
1148 3904 1205 3972 duo
1223 3903 1323 3956 millia·

220 3966 393 4037 Νικόπολις,
411 3968 581 4038 καὶΜόψοο
596 3967 691 4025 ἑστία·
708 3970 758 4024 ιιιιλΙ
791 3973 852 4039 ria,
887 3974 940 4025 sed
981 3973 1028 4025 hie
1065 3987 1198 4025 numerus
1236 3972 1324 4044 duplo

220 4035 252 4090 αὶ
271 4034 365 4092 Πόλαι
389 4037 551 4126 λεγόμεναιξ
576 4035 657 4108 ἔριον
678 4041 757 4093 Κιλί·
790 4041 881 4092 maior
896 4048 950 4095 est.
1103 4063 1115 4099 t
1183 4057 1187 4066 ·
1212 4038 1217 4049 “

220 4123 277 4158 aon
293 4123 323 4160 re
339 4105 388 4160 κοιλ
404 4104 516 4176 Σόρων.
545 4109 587 4161 Em
605 4104 637 4160 ab
653 4110 689 4176 τῇ
706 4111 774 4161 Ka·
822 4109 852 4174 4)
872 4109 944 4163 Sunt
961 4116 1055 4162 autem
1080 4109 1202 4178 quinque
1225 4114 1326 4176 portae

221 4173 297 4227 λιιιία
323 4171 381 4228 ἐστὶ
405 4175 454 4229 ael
477 4170 510 4228 vd
534 4178 584 4244 ιῆς
603 4177 757 4244 Σοιςιιηιλος
789 4177 820 4228 io
846 4179 1040 4245 quaestionem
1061 4179 1223 4240 vocandae,
1255 4191 1326 4246 quas

128 4291 133 4302 ,
200 4241 284 4317 1νίιις
300 4236 454 4310 Ἀρτέμιδος
477 4239 554 4312 leode
576 4243 625 4300 uel
648 4249 755 4312 μαντοί
776 4261 880 4322 susque
901 4245 995 4302 adhue
1008 4243 1170 4317 Geographi
1193 4245 1271 4300 inter
1295 4259 1324 4299 se
