2872 4814
396 373 484 432 ruz
509 371 732 432 ΜΕΓΑΛΗΣ
757 371 1004 434 οΑΛΑΣΣΗΣ.
1125 342 1128 346 ’
1189 377 1255 440 τοι,

114 553 216 639 βρόνι
250 554 332 618 ocul.
367 549 401 616 ν.’
435 551 530 636 όρμος
550 551 613 618 lori
635 552 782 638 θερινός.
816 552 890 619 Ἀπό
914 543 1084 637 Μελαβρού
1111 557 1154 632 εἰς
1182 555 1251 622 Σύ·
1283 573 1290 584 “

115 661 196 730 λους
248 653 327 716 trull.
351 647 406 714 ολδ
438 649 528 728 πόλις
556 653 637 719 ἐστὶν
665 653 815 738 α’λλμενος.
863 652 935 719 Ἇπό
965 640 1086 719 Κύλων
1117 656 1160 732 εἰς
1186 660 1250 720 Κο·

119 839 223 897 stadia
245 837 304 895 5⁰1
331 835 440 894 Portus
460 844 505 894 cot
525 839 663 896 aestivus.
702 837 877 897 AMcltlhro
897 838 933 894 ad
954 837 1040 896 Solos
1061 839 1157 896 stadio
1183 841 1249 896 300.
1337 811 1341 820 Ι

116 916 203 974 Urbs
225 913 353 972 estsine
382 921 480 988 portu.
531 916 556 971 Α
585 913 665 972 Solis
692 915 730 972 ad
755 913 1032 990 ceryniam-stadia
1058 914 1124 973 350.
1170 913 1251 972 Urho

116 1095 259 1148 Arsinoes
282 1105 338 1143 non
360 1091 420 1158 jam
438 1090 605 1160 navigantes
629 1091 670 1141 in·
706 1091 794 1144 sibus.
831 1093 919 1144 Plura
944 1089 1053 1144 haedo
1079 1106 1111 1144 re
1138 1090 1253 1145 Plutat'

118 1170 370 1228 trare‚qumquam
390 1159 671 1212 tulusaboreasit.
706 1160 774 1212 chus
809 1161 965 1212 memoriae
989 1159 1120 1226 prodidit
1146 1168 1180 1212 co
1219 1159 1253 1212 li·

98 1297 101 1306 ¹
118 1231 181 1284 Sed
193 1230 324 1280 desertus
338 1235 437 1294 portus
453 1227 600 1283 desertam*
608 1241 672 1295 pro·
706 1230 776 1294 hro,
802 1245 884 1297 quam
904 1229 938 1281 dc
957 1229 1017 1280 vita
1033 1227 1148 1279 Solonis
1166 1227 1254 1294 scrip·

117 1299 172 1350 bat
192 1297 302 1349 urbem·
707 1297 760 1348 sit:
779 1291 897 1350 Ἔπειτα
923 1293 1043 1358 πλεύσας
1072 1295 1186 1362 (solon)
1215 1295 1254 1356 εἰς

154 1368 186 1429 5)
206 1367 269 1416 Hoc
288 1366 401 1444 constat
417 1377 435 1445 a
452 1362 592 1428 scriptore
615 1362 673 1414 dici
708 1361 827 1432 Κύπρον
845 1360 980 1433 οἷγοπήθη
990 1363 1183 1432 διαφερόντως
1194 1357 1261 1415 ν’πόι

120 1440 355 1502 pr⁰m0¹¹t0l¹1¹¹¹¹
367 1434 531 1503 Κρομμνον,
546 1431 596 1482 sed
611 1436 672 1498 pot·
709 1429 905 1500 Φιλοκύπρου,
930 1428 1006 1494 τινός
1023 1435 1080 1486 τῶν
1103 1427 1161 1486 ἐκεῖ
1176 1431 1254 1502 βασι·

122 1509 170 1555 ost
199 1501 307 1552 sactum
332 1513 411 1562 csse,
429 1505 462 1549 ut
483 1500 513 1550 id
530 1497 673 1551 inferiori·
708 1499 787 1554 λέων·
816 1494 847 1562 ὃς
873 1497 944 1585 εἶχεν
970 1496 1006 1554 όύ
1022 1496 1143 1568 μεγάλην
1160 1497 1254 1566 πόλιν,

119 1572 178 1624 buo
196 1567 376 1636 temporibus
401 1569 487 1618 etiam
513 1568 672 1635 appellara—
707 1564 777 1638 φ’κισ
798 1564 861 1636 ε’νην
885 1563 944 1620 υπὸ
976 1570 1168 1636 Δημοφῶντος
1200 1569 1256 1620 τού

120 1649 172 1690 tur
191 1632 391 1704 Κρομμυοικύν.
425 1637 448 1686 Α
469 1635 614 1688 veteribus
638 1635 673 1686 il·
709 1637 822 1704 Θησεως
838 1635 903 1704 περὶ
916 1631 1101 1703 τὸνΚλάριομ
1116 1631 1259 1702 &tomam

121 1708 175 1758 lud
187 1705 411 1774 promontorium
425 1710 484 1755 tum
500 1699 674 1772 όόκραΚρόμ·
709 1699 739 1759 ἐν
757 1705 873 1774 χωρίοις
898 1696 914 1757 o’
931 1707 1011 1770 υροῖς
1029 1700 1097 1772 μὲν,
1116 1700 1207 1764 ἄλλως
1223 1673 1256 1756 θλ

121 1793 214 1864 uuor,
243 1780 302 1824 tum
321 1767 395 1855 όζκρα
419 1769 593 1852 Ιζρομμύον,
614 1779 674 1822 tum
710 1769 855 1841 δυσχερέσι
875 1723 933 1854 ςκόλ
964 1769 1085 1839 φαύλοις
1117 1769 1254 1838 κειμένην.

123 1862 203 1909 ακροι
220 1845 380 1908 Κρομμνων
393 1841 537 1901 θῡῐῑλθῒυῑ,
549 1842 600 1892 sed
618 1839 674 1891 vili
703 1836 836 1894 Ἔπεισεν
853 1833 1003 1892 οοναότόν
1022 1835 1039 1892 ό
1057 1835 1164 1906 Σόλων,
1186 1833 1254 1892 ύπο·

123 1913 206 1964 docti
227 1913 407 1976 negaverunt·
419 1904 578 1975 Κρομμύων
595 1924 612 1960 a
630 1923 675 1960 re·
708 1905 836 1976 κειμένου
854 1909 944 1961 καλοῦ
961 1907 1078 1974 πεδίου,
1096 1904 1256 1974 μεταθέντα

82 2041 87 2046 .
123 1981 239 2033 teribus
260 1979 367 2029 dictum
384 1991 457 2036 esse,
477 1993 531 2029 uec
548 1991 614 2028 vcro
633 1983 674 2029 et·
708 1973 759 2046 τὴν
779 1972 863 2030 πόλιν
882 1973 987 2044 ἡδίονα
1012 1975 1060 2028 καλ
1076 1975 1190 2043 μείζονα
1207 1991 1255 2026 κοι·

123 2052 185 2131 iam
205 2047 262 2098 dici
278 2045 414 2126 potuisoo,
434 2059 494 2094 cum
513 2049 676 2111 promonto·
708 2041 879 2117 τασκεύασαι
902 2045 951 2096 καλ
977 2039 1077 2110 παρεόν
1100 2039 1256 2126 ἐπεμελήθη
1290 2080 1295 2094 .

122 2133 199 2172 rrum
218 2129 273 2165 non
291 2130 308 2165 a
321 2127 403 2179 copta
414 2127 564 2179 caeparum
575 2127 675 2163 nomeu
709 2115 762 2165 τού
786 2113 969 2178 συνοικισμού
992 2112 1038 2164 καὶ
1060 2112 1256 2177 σονδιεκοσμη·

128 2185 262 2251 haberet,
281 2191 399 2264 eantque
419 2180 455 2231 ob
476 2181 675 2233 causamscri·
711 2196 740 2233 σε
764 2177 837 2246 πρός
862 2197 890 2231 τε
910 2175 1051 2246 διαγωγὴν
1076 2175 1181 2262 όῖριστα
1207 2175 1279 2230 καλ’

126 2261 244 2322 pturam
266 2254 440 2316 Κρομμυων,
476 2264 547 2315 quac
577 2255 620 2300 cst
645 2249 675 2299 iu
709 2243 781 2314 πρός
799 2241 965 2314 ολσφολλειοιν·
984 2241 1257 2311 ὥστεπολλουςμλν

126 2322 270 2381 omnibus,
279 2325 310 2368 ut
317 2319 435 2379 ridetur,
443 2317 589 2369 codicibus
598 2316 675 2368 Stra·
711 2312 907 2384 clarimontensi
918 2310 1084 2380 Φιλοκύπρω
1100 2315 1256 2375 συνελθεῖν,

124 2390 228 2449 bonis,
242 2452 249 2471 Ι
261 2385 425 2437 mutandam
450 2391 623 2438 censuerunt
646 2384 676 2436 iu
710 2385 835 2452 ζημοῖσοιι
851 2379 882 2435 δὲ
895 2377 962 2442 τούς
979 2365 1118 2450 βασιλόας.
1140 2377 1187 2433 διὸ
1205 2377 1255 2432 καλ

126 2462 295 2524 Κρομμνου.
330 2456 382 2506 Est
403 2455 676 2519 itasanc,utpro·
710 2455 750 2521 τῷ
773 2447 886 2504 Σόλωνι
912 2444 994 2517 τιμὴν
1026 2442 1187 2510 οἷποδιδούς
1210 2447 1256 2498 At·

127 2525 303 2577 montorium
314 2557 325 2588 ‚h
359 2522 426 2591 quia
460 2521 676 2572 similitudinem
710 2537 795 2573 πειαν
810 2521 898 2571 καλου
920 2513 984 2584 ε’νην
1007 2513 1057 2584 τὴν
1080 2513 1165 2569 πόλιν
1188 2509 1257 2581 πρό·

128 2606 235 2660 caepae
252 2590 355 2641 habero
367 2590 521 2656 rideretur,
537 2595 587 2638 aut
603 2583 677 2654 ολκρα
709 2605 809 2655 τερον,
828 2579 878 2638 ἄπ’
897 2536 1005 2637 λόιείνον
1028 2581 1140 2645 Σόλους
1157 2599 1256 2650 προςη-

128 2655 285 2728 Κρομμύον
317 2657 461 2708 dicoretur
497 2662 547 2706 aut
583 2654 676 2721 Κρόμ-
710 2653 835 2722 νόρευσε.
856 2651 1012 2702 Plutarcho
1030 2652 1120 2718 igitur
1139 2659 1288 2700 auctore·

128 2746 212 2797 μνον.
231 2726 287 2778 Sed
307 2730 371 2791 post
390 2725 476 2776 ctiam
495 2719 569 2790 ἄκρα
584 2727 677 2789 Κρομ-
712 2723 845 2788 oppidum
863 2721 965 2783 Αομεο,
991 2719 1071 2782 quasi
1096 2721 1187 2765 mater
1205 2713 1256 2764 So·

129 2793 210 2865 μόνον
228 2795 333 2845 dictum
352 2798 476 2854 osteum
492 2791 677 2858 quamobrem
710 2790 814 2846 lorum,
835 2801 851 2834 a
862 2781 1058 2849 Demophonte
1074 2781 1179 2833 Thesei
1195 2781 1255 2832 lilio

130 2866 186 2916 hoo
215 2877 316 2913 norton
349 2861 446 2912 datum
481 2857 676 2925 promontorio
712 2855 857 2906 conditum
876 2858 934 2913 est,
956 2851 1015 2902 Soli
1037 2855 1132 2900 autom
1152 2848 1256 2898 Solone

132 2935 210 2984 osset
235 2943 289 2980 nou
311 2929 372 2995 jam
402 2935 498 2979 essent
532 2939 677 2977 memoret.
712 2936 827 2974 suasore
852 2927 937 2988 atque
968 2919 1101 2969 adiutore
1127 2913 1257 2968 aPhilo·

131 2997 360 3052 NuncidCorm
372 2992 492 3046 achiti
506 2993 676 3060 appellatur.
712 3004 802 3058 cypro
818 2989 986 3054 Aopcnsium
1006 3000 1087 3053 rego,
1112 2984 1192 3052 cujus
1209 2981 1258 3034 ho-

167 3069 198 3133 1)
221 3067 285 3117 Hoc
304 3062 437 3130 oppidum
462 3062 521 3112 siro
547 3075 678 3127 promon·
713 3075 778 3126 spes
795 3059 907 3124 sapiens
920 3055 971 3107 ille
983 3053 1076 3104 factus
1087 3060 1160 3108 erat.
1177 3051 1259 3103 Nunc

131 3135 274 3186 toriuma
300 3130 411 3183 nominc
431 3135 680 3186 commemoratur,
714 3127 877 3194 quaeritur,
900 3123 1061 3174 volueritne
1084 3120 1138 3170 hoc
1155 3119 1259 3170 Strabo

133 3205 214 3256 Sitne
231 3202 323 3269 igitur
340 3192 495 3266 Μελαβρόν
513 3211 610 3247 vorum
629 3209 679 3245 no·
716 3197 828 3254 dicore,
853 3193 935 3243 Solos
955 3191 1033 3254 ipsos
1051 3205 1068 3238 a
1087 3187 1208 3238 Phalero
1231 3190 1260 3237 ct

132 3287 196 3324 men
218 3284 315 3328 necne,
333 3281 388 3316 nou
411 3273 506 3332 potest
525 3264 591 3314 dici.
616 3264 679 3313 Est·
714 3263 868 3313 Acamanta
885 3257 1013 3309 conditos
1032 3270 1110 3316 csse,
1131 3270 1168 3305 an
1194 3251 1260 3319 hoc,

133 3355 170 3391 no
187 3338 217 3389 id
237 3335 472 3403 promontorium,
490 3332 564 3401 quod
583 3347 600 3382 a
613 3331 681 3384 Pto·
715 3329 751 3380 ah
770 3326 824 3388 hir,
839 3341 893 3376 non
904 3321 1109 3390 Demophonto,
1117 3321 1196 3372 illam
1214 3334 1262 3371 ut·

135 3405 246 3470 lomuc'o
264 3403 446 3458 Καλλινούσα
464 3399 682 3452 diciturlcrro-
714 3397 778 3448 bom
813 3395 957 3460 antiquam
990 3395 1162 3457 Aepcensem
1197 3401 1262 3440 csso

134 3490 177 3538 rc,
195 3479 228 3525 ut
241 3472 365 3530 ridetur,
384 3468 509 3521 editores
525 3466 682 3520 Ptolemaei
715 3464 869 3516 conditam.
890 3457 1262 3518 Dubitamus,Strabonom‚

135 3539 681 3608 scripscrcKulltvoaiouanamquoquo
716 3533 740 3584 ui
768 3532 851 3586 Solos
887 3529 992 3580 Solone
1018 3531 1136 3577 auctore
1165 3523 1263 3575 condi·

135 3612 224 3663 modo
245 3607 415 3667 factumest,
435 3612 467 3655 ut
481 3604 535 3656 hoc
551 3615 682 3671 promou-
717 3608 762 3652 tou
785 3615 847 3651 esso
860 3603 979 3665 putaret,
997 3593 1199 3646 iotaciturum
1218 3590 1262 3642 fu·

137 3680 243 3730 torium
264 3672 448 3729 Kolllvooou
466 3674 618 3735 dicoretur,
633 3687 681 3722 no·
716 3671 784 3731 issa,
799 3683 856 3734 qua
874 3664 1106 3728 ro'arbitramur,
1125 3675 1188 3711 eum
1209 3658 1263 3710 So·

137 3763 202 3799 men
221 3761 238 3796 a
256 3745 374 3795 muliere
393 3742 497 3808 aliqua,
520 3756 591 3808 quaa
610 3741 685 3792 Καλ-
718 3738 764 3788 loo
781 3737 860 3802 ipsos
881 3749 898 3784 a
916 3731 1039 3784 Phalero
1058 3736 1089 3780 et
1104 3731 1263 3780 Acamanto

139 3815 258 3870 λίνουσα
278 3812 306 3862 id
328 3816 371 3862 cst
388 3809 591 3878 ingeniosa
608 3808 683 3860 dice·
718 3805 851 3856 conditos
869 3816 930 3852 esse
948 3799 1101 3867 putavisse.
1120 3797 1199 3858 Quae
1213 3809 1262 3845 au·

137 3887 232 3943 hatur,
251 3880 370 3945 accepit.
718 3880 776 3924 tom
795 3865 966 3923 Plutarchus
993 3868 1027 3918 dc
1046 3865 1150 3916 Solone
1175 3863 1263 3930 scrip·

172 3951 200 4015 2)
218 3951 306 4002 Plura
322 3951 398 4011 aunt,
421 3957 493 4012 quae
513 3942 549 3995 (le
566 3939 620 3993 hac
637 3956 683 3992 ur·
718 3942 771 4002 uit,
792 3952 875 4007 quam
895 3936 1009 3987 omnino
1027 3948 1083 3984 non
1103 3932 1138 3985 dc
1156 3931 1192 3982 iis
1213 3930 1264 3981 du-

138 4019 175 4073 be
200 4015 448 4070 commemoranda
470 4013 610 4080 putemua
644 4010 684 4062 Ac
717 4010 840 4060 bitatum
861 4005 926 4056 olim
945 4006 999 4064 sit,
1022 4017 1123 4052 versus
1139 3999 1265 4067 probant

140 4088 260 4154 primum
294 4085 330 4135 de
365 4083 425 4149 ejus
455 4087 520 4132 ortu
549 4079 681 4132 dicemus.
716 4078 755 4144 ii,
790 4089 861 4143 quos
898 4067 1068 4122 Plutarchus
1102 4073 1135 4118 ut
1165 4084 1182 4120 a
1213 4065 1263 4117 So·

140 4156 244 4207 Strabo
262 4152 345 4204 Solos
369 4149 501 4204 conditos
528 4162 589 4199 esse
615 4145 684 4196 dicit
718 4146 783 4197 lonc
800 4142 837 4194 ad
857 4154 951 4208 rogum
972 4135 1173 4201 Philocyprum
1197 4133 1264 4185 ocri·

141 4237 160 4273 a
176 4221 297 4276 Phalcro
316 4223 345 4272 ct
363 4219 515 4272 Acamanto
532 4213 683 4269 Athenien·
718 4219 783 4279 ptos
804 4207 896 4262 affert.
933 4208 1005 4260 Sunt
1023 4212 1119 4256 autom
1137 4201 1180 4253 hi:

898 4341 902 4348 .
989 4287 1055 4352 lll*
