2872 4814
362 378 449 442 ΤΗΣ
476 379 696 444 ΜΕΓΑΛΗΣ
720 377 967 444 Onusam
1150 373 1218 442 Μ

105 561 246 644 &nonne
259 572 283 606 ¹·
301 561 335 626 ia
351 561 384 628 δὲ
392 563 563 644 Φασηλίδος
578 557 815 640 sltglioipnrron.²
834 562 918 624 ¹ororii.
928 607 957 627 ..
977 555 1219 644 'Midhnprisop

104 661 158 728 ἐπὶ
181 659 236 726 cdv
265 663 491 728 Φοινικοῦνταθ
524 661 605 724 trad.
632 657 769 741 l'·'r‘r'rrrp
792 659 866 748 μέγα
888 657 960 739 ὅρος
979 656 1103 744 ὑψηλὸν
1124 665 1217 725 κεῖται

95 762 258 844 ”Olnrprcoe
287 757 489 842 καλούμενον·
510 758 600 826 dadi
624 760 787 836 occultos
803 759 966 838 ὄπουθείας
987 761 1030 837 εἰς
1053 754 1217 844 Κοᾶμβοιι-

104 930 176 988 bern
194 930 273 987 iacet
295 943 379 984 mons
404 943 526 1005 magnus
546 925 687 985 Phaselis.
727 927 752 983 Α
777 925 893 984 Phaseli
918 927 956 985 od
985 926 1008 986 C
1102 945 1130 984 m
1157 936 1218 984 ste-

105 1005 157 1062 dia
177 1047 184 1061 .
208 1048 216 1062 .
236 1045 272 1061 ..
313 1003 338 1061 Α
365 999 479 1080 Coryco
506 999 543 1058 sd
567 1001 797 1061 Phoenicuntem
823 1003 917 1064 stadis
940 1005 990 1063 30.
1021 1007 1023 1012 ’
1052 1018 1126 1080 uper
1152 1021 1219 1062 eum

104 1084 186 1140 iacet
204 1098 290 1139 mons
309 1097 433 1158 magnus
459 1087 489 1136 et
516 1079 610 1154 altus,
639 1078 781 1156 Olympus
808 1077 914 1142 dictus.
953 1083 978 1136 A
1003 1074 1118 1136 Phaseli
1138 1089 1219 1138 recta

107 1245 205 1305 coine.
242 1238 324 1292 coni.
356 1238 496 1294 Herodot
523 1237 559 1292 ll.
586 1241 646 1302 ΠΒ,
674 1246 729 1294 ‚cat
748 1247 850 1292 terram
871 1237 983 1308 pinguis
1002 1235 1085 1309 ligni,
1104 1237 1218 1308 sibique

106 1312 162 1379 qui
180 1306 264 1370 dicit,
283 1305 435 1362 Phaselida
452 1309 551 1360 urbem
566 1309 647 1363 Ama·
682 1310 717 1362 ab
746 1307 939 1362 incolentibus
967 1305 1150 1362 Rosciortius
1176 1309 1218 1362 nit

104 1379 170 1446 uis,
190 1393 223 1430 re
245 1378 269 1428 is
288 1377 429 1444 aegyptii,
448 1381 577 1443 tompore
595 1375 643 1429 ha·
683 1374 789 1432 dictum
806 1391 875 1439 esse,
897 1376 974 1444 ligna
994 1375 1121 1434 abistinp
1140 1375 1217 1428 iacil-

108 1447 210 1502 bnisse
260 1445 346 1499 orius.
381 1446 646 1512 Eutropinsautom
682 1445 749 1502 lime
774 1444 841 1513 igne
859 1445 999 1498 consumi.
1036 1443 1104 1504 Cum
1123 1453 1217 1502 autem

107 1515 239 1583 appellat
260 1529 321 1566 eam
344 1513 388 1567 Vl.
409 1513 424 1564 3
442 1515 558 1580 Aleia.
681 1511 751 1572 baec
769 1528 822 1565 ora
840 1520 869 1565 et
890 1512 959 1566 mult
1016 1514 1095 1584 sinus
1117 1513 1217 1580 multa-

146 1588 175 1644 l)
195 1584 238 1636 De
258 1590 364 1644 nronte,
384 1596 464 1650 quem
482 1592 584 1636 auctor
603 1597 647 1649 pe·
682 1599 735 1652 que
752 1583 962 1650 promontoria
999 1583 1075 1642 best.
1095 1598 1150 1634 non
1167 1583 1217 1648 im·

105 1653 178 1720 ripli
193 1651 289 1704 nostri
307 1665 393 1716 supra
406 1651 503 1706 orbern
523 1651 645 1705 iacuisse
680 1651 830 1720 probabile
859 1657 918 1712 est,
938 1650 1218 1718 aliquandrr‘alicubi

108 1721 182 1772 dicit
201 1735 318 1788 eumque
338 1717 492 1774 Phaselida
511 1720 646 1788 appellat,
676 1719 816 1787 »oppidum
843 1720 981 1771 munitum
1004 1716 1112 1786 inim,
1138 1720 1218 1785 enine

107 1788 182 1845 haec
215 1788 286 1840 dicit
309 1787 495 1854 Boaulortius
526 1805 553 1856 p.
581 1788 645 1850 rba:
681 1796 775 1842 tannen
802 1787 874 1840 situs
904 1787 950 1855 qui
970 1784 1152 1851 luerit,.dr’oi
1173 1805 1217 1852 ne·

102 1861 127 1912 A
143 1855 393 1923 Dolilrdasch,
412 1862 505 1924 (quam
523 1866 645 1920 ueterem
682 1859 753 1926 quit,
772 1872 835 1908 cum
853 1857 882 1909 in
900 1855 1014 1924 periplo
1035 1864 1132 1917 nostro
1143 1873 1217 1920 urere·

108 1926 264 1994 Olympum
280 1940 341 1980 esse
350 1931 414 1994 post
430 1926 552 1989 dicetur)
567 1927 646 1994 quin·
679 1939 749 1984 sura
762 1925 867 1978 omissa
880 1924 918 1978 sit
933 1941 950 1976 a
963 1923 1080 1978 librario
1096 1939 1147 1979 nec
1161 1925 1217 1984 iam

108 2011 164 2064 quc
198 1992 323 2046 millibus
355 2010 429 2062 pass.
459 1994 498 2047 ad
536 1999 646 2062 septen·
678 1993 817 2063 voppidum
836 1987 985 2048 Strabonis
1006 1999 1100 2048 aetate
1120 1991 1217 2056 tuerit,
1310 2011 1316 2034 ι

108 2064 221 2118 triones
244 2059 327 2115 iactis
351 2063 584 2131 conveniebamus
610 2063 645 2123 ad
682 2065 737 2117 nisi
769 2063 844 2116 forte
880 2063 945 2114 indo
984 2062 1116 2117 concludi
1170 2062 1216 2117 uid

108 2131 208 2201 plures
223 2131 332 2184 insulas
350 2147 460 2199 parvas,
479 2147 551 2200 quse
564 2138 648 2184 crant
681 2137 783 2200 potest,
806 2131 880 2200 quod
900 2131 1006 2200 peripli
1022 2138 1121 2188 auctor
1158 2130 1217 2192 icit,

108 2203 261 2262 desertas,
296 2216 314 2252 a
344 2202 445 2256 'l'urcis
471 2207 500 2256 ct
527 2201 646 2256 Graccis
672 2217 698 2256 a
731 2202 843 2266 Coryco
876 2213 965 2268 usque
996 2197 1217 2254 Phoenicuntem

107 2281 188 2322 tres
215 2269 361 2326 insulae
395 2269 497 2325 diotae.
542 2270 645 2324 Earum
680 2269 893 2336 navigationem
909 2284 973 2336 esse
988 2269 1150 2326 stadiorum
1168 2269 1217 2324 trs·-

109 2353 202 2406 naquc
221 2337 322 2390 Strabo
347 2351 437 2405 noque
465 2337 646 2394 Ptolemaeus
684 2339 774 2408 ginta.
902 2335 904 2342 ’

108 2407 282 2460 mentionem
301 2404 422 2468 faciunt.
450 2423 521 2476 queo
550 2415 645 2461 tamen
715 2408 742 2468 3)
763 2403 947 2458 Memorabile
965 2410 1018 2467 est,
1039 2405 1216 2474 nuntiatione

107 2477 177 2544 quin
192 2474 262 2526 illas
273 2481 330 2528 tres
346 2477 457 2529 insulae
470 2478 538 2539 sint,
556 2492 574 2528 a
589 2475 644 2530 ΡΗ·
681 2476 735 2528 dici
755 2475 784 2527 in
803 2471 857 2524 hoc
875 2471 983 2542 periplo
1000 2478 1088 2541 atque
1106 2486 1123 2526 a
1141 2471 1218 2538 Stra·

106 2545 156 2596 nio
179 2543 644 2609 Cypriaoetdesertaedictae‚
681 2545 768 2608 bone,
801 2541 849 2614 qui
884 2543 982 2597 urbem
1011 2543 1162 2610 Olympum
1188 2550 1216 2596 et

108 2613 226 2666 dubium
250 2627 304 2664 nos
327 2619 380 2666 cst.
416 2614 526 2676 ,Quibus
544 2613 645 2664 insulis
680 2622 804 2668 nrontern
823 2607 1018 2672 Phoenicunta
1037 2611 1119 2680 dicit,
1139 2609 1214 2666 xlv.

107 2697 144 2736 ex
161 2679 281 2734 adverso
306 2681 429 2749 quinque
455 2683 545 2736 millia
561 2691 643 2750 ,pass
681 2699 707 2750 p.
727 2683 776 2734 dot
787 2671 860 2734 2·va
885 2675 997 2742 roricone
1012 2671 1043 2734 ’δ’
1057 2675 1135 2744 ἐστὶν
1151 2669 1170 2748 ἥ
1188 2697 1216 2735 rr

108 2749 221 2802 alitore
251 2754 295 2800 est
318 2749 392 2802 altus
419 2766 501 2803 orons
526 2747 645 2802 'l'akh-
680 2745 856 2834 Κράμβοοσοι
873 2745 922 2802 καὶ
939 2743 1217 2816 ὁ”ολομπος,πόλις

108 2818 202 2870 talu.
240 2815 330 2872 Paulo
357 2824 425 2885 post
450 2819 545 2872 addit:
584 2819 644 2870 lam
676 2821 792 2888 μεγαλη,
811 2809 1151 2886 uoidpoco‘po'vopor,3
1169 2817 1217 2872 stoi

108 2887 216 2941 dictum
242 2901 259 2936 a
279 2887 359 2937 nobis
390 2896 449 2952 est,
475 2886 546 2940 hanc
566 2901 644 2938 oram
676 2886 831 2948 ,Φοινικοῦς
843 2887 988 2940 καλεῖται·
1005 2880 1068 2945 sicot
1082 2881 1217 2954 Krn'ponor
1268 2906 1269 2910 ¹

109 2957 187 3023 pinis
205 2951 346 3006 obtectam
364 2970 436 3017 esse,
456 2957 509 3008 nisi
529 2957 577 3008 ubi
596 2962 646 3010 aut
682 2951 816 3024 αἰγιαλός.
828 2953 993 3007 'l'cncndnm
1003 2949 1056 3024 cst,¹
1065 2955 1215 3022 Olympum
1294 3003 1299 3012 ,

108 3023 239 3076 materiei
260 3023 437 3092 colligendae
457 3033 506 3076 aut
519 3026 582 3094 agri
601 3039 646 3075 co·
681 3040 769 3093 prope
790 3022 925 3077 accedere
948 3024 984 3079 ad
1006 3039 1089 3080 oram
1109 3033 1139 3076 et
1156 3039 1216 3078 carn

107 3092 190 3146 leudi
208 3106 295 3144 causa
312 3107 411 3145 caesae
427 3103 503 3146 eunt.
522 3095 646 3149 Arbores
682 3099 814 3162 magnum
829 3089 924 3146 facere
940 3093 1215 3164 sinumypornectum

109 3161 262 3214 maximam
274 3168 383 3227 partem
395 3163 470 3214 rurale
481 3171 646 3225 cr·cver·unt;
682 3163 709 3212 in
724 3162 828 3228 altum,
845 3163 894 3229 qni
912 3162 973 3230 ipse
993 3157 1217 3229 cirraprzonr‘on·

109 3232 187 3282 inter
213 3227 391 3282 Phaselidem
413 3237 507 3283 antem
535 3239 563 3282 et
581 3245 646 3297 pro·
682 3231 756 3282 torio
774 3228 859 3281 babet
877 3235 906 3282 et
927 3231 1015 3284 sinuo.
1042 3230 1108 3300 rhen
1124 3239 1216 3300 tamen

108 3297 284 3350 montorium
298 3299 418 3350 ,hrota
430 3299 512 3366 copia
523 3299 646 3352 altarum
676 3305 833 3366 ,propterea
845 3295 1069 3364 ,existimandum
1093 3304 1152 3360 cst,
1171 3313 1215 3349 su·

109 3365 340 3435 prolixarumquc
365 3369 494 3434 pinorum
530 3369 648 3420 circum·
682 3368 841 3434 parionibus
858 3365 1033 3433 temporibus
1048 3366 1145 3418 urbem
1160 3381 1215 3420 noo

110 3437 302 3488 datoestora.
321 3435 448 3490 Eundem
457 3443 581 3488 montem
595 3435 648 3504 igi·
682 3437 784 3488 dictam
796 3451 857 3488 osse
873 3431 1075 3494 Phoenicunta,
1092 3434 1140 3483 red
1153 3447 1217 3502 per·

109 3513 166 3564 tur,
185 3503 232 3572 qui
251 3500 336 3555 hodie
351 3503 542 3556 'l'alrbtnlu
561 3511 646 3573 etque
680 3520 793 3557 suasum
807 3513 849 3558 est
864 3501 956 3566 nobis,
973 3502 1217 3570 antiquistcmpo·

108 3575 137 3624 in
153 3571 206 3624 hoc
222 3572 332 3640 periplo
342 3571 474 3626 l’hasel
487 3575 517 3624 is
532 3573 645 3636 dicitnr,
681 3573 759 3626 ribus
778 3581 808 3626 et
823 3573 923 3630 urbem
948 3579 977 3624 ct
999 3577 1121 3628 montem
1140 3570 1215 3632 idum

108 3657 127 3694 a
143 3639 283 3694 Strabone
299 3639 448 3708 Solyma
467 3642 532 3704 dici,
550 3641 646 3709 potuit
681 3641 814 3696 habuisse
826 3657 939 3696 nomen,
963 3640 1049 3694 Mons
1064 3647 1158 3692 autem
1178 3638 1216 3690 ri·

109 3724 145 3763 cx
171 3709 265 3764 verbis
289 3709 350 3760 eius
377 3725 461 3778 supro
488 3711 585 3763 allatis
603 3711 646 3761 in·
682 3712 765 3763 rietur
781 3719 932 3780 propterea
950 3709 1107 3779 appellatus
1123 3705 1216 3777 ¹fuitne

109 3779 212 3848 telligi.
677 3778 854 3849 ‚Phoenicus,
873 3779 1006 3850 quoniam
1023 3775 1047 3835 si
1064 3791 1119 3830 non
1135 3791 1215 3847 cacu-

142 3851 171 3912 2)
189 3847 230 3902 nb
255 3841 309 3896 boc
332 3855 449 3901 auctore
476 3846 548 3899 nibil
566 3847 644 3902 aliud
682 3850 757 3902 mina
779 3860 813 3902 atr
822 3851 978 3902 adscensus
994 3853 1023 3900 et
1038 3845 1150 3916 radices
1169 3845 1217 3902 ob·

109 3917 216 3968 dicitur
238 3914 296 3964 nisi
336 3914 375 3980 εἰς
412 3912 565 3985 doiorum,
604 3919 647 3970 ita
682 3917 731 3970 siti
753 3916 868 3972 luerunt
884 3915 996 3986 palmis.
1033 3912 1217 3986 (inmanium

108 3997 140 4038 nt
158 3985 325 4045 nesciamus,
345 3987 392 4051 qui
417 3987 441 4037 ls
457 3985 645 4042 locusloerit.
682 3993 782 4056 postca
799 3989 854 4046 sub
873 3983 1017 4040 radicibus
1034 3981 1216 4045 montiturbt

110 4056 181 4108 Nam
215 4052 319 4106 Strabo
351 4052 422 4106 nibil
459 4051 538 4107 aliud
578 4057 648 4110 dicit
682 4056 862 4122 conderetur,
873 4054 986 4118 cat-acci
1008 4053 1215 4124 iebatsnronlt

108 4125 166 4176 nisi
200 4119 268 4174 hocs
294 4111 367 4176 Εἶτα
398 4119 534 4192 Iloo'pvaoe
557 4126 648 4196 olyra·
681 4140 782 4186 nornen
806 4139 901 4190 opum,
921 4067 1125 4190 quoi-tamen,
1151 4119 1214 4178 cum

110 4187 166 4256 tte.
224 4189 320 4243 llodie
353 4190 423 4244 hacc
457 4208 508 4245 ora
541 4194 647 4248 dicitur
682 4209 764 4249 monn
799 4194 876 4261 ipse,
912 4198 944 4246 ut
975 4191 1056 4261 apud¹
1089 4191 1215 4243 Graecos

109 4257 297 4325 ‘l'hirslry‚
324 4262 400 4326 qnod
421 4277 520 4315 nomen
539 4264 645 4336 signiti-
682 4279 779 4316 orienes
798 4270 908 4320 montes
926 4275 1029 4328 niagno
1053 4255 1215 4319 altitudine,
