2872 4814
370 363 458 422 ΤΗΣ
482 364 706 424 ΜΕΓΑΛΗΣ
732 365 978 429 ΘΑΛΑΣΣΗΣ.
1165 376 1236 438 '28⁰

102 523 188 610 σταδ.
214 539 266 627 ρκ.’
309 544 407 628 Κῶμη
431 546 493 611 dori
514 547 563 611 καὶ
586 547 691 630 λιμένα
713 549 843 630 ἔχεικαὶ
864 550 959 636 ὕδωρ.
1000 550 1075 617 :ani
1100 557 1238 640 Παλαιᾶς

100 646 155 710 e'nl
185 643 238 709 τὸν
267 647 433 710 Φιλεοῦντα
469 649 550 710 orud.
579 643 611 709 τ]
664 645 737 713 bant
764 651 964 728 Φιλεοῦνταςῑ
1000 650 1051 717 int
1073 649 1109 717 ni
1138 653 1233 738 duper’
1300 641 1302 648 ,

103 830 203 888 stadia
225 831 287 888 120.
330 829 419 888 Vicus
440 840 485 888 est
513 842 543 888 et
570 824 686 904 portum
714 832 804 892 babet
824 843 855 891 et
874 853 989 910 aquam.
1029 836 1182 896 APalaea
1201 839 1239 896 ad

101 907 251 964 Elaeunta
278 906 372 964 stadia
391 909 457 965 300.
487 908 530 966 ΑΙ)
552 907 699 965 Elaeunte
721 909 757 965 ad
777 913 1009 986 promontorium
1030 910 1154 990 [clides]
1176 924 1239 972 sta·

102 1100 170 1153 riri.
207 1097 262 1152 Sed
282 1099 502 1152 existimandum
523 1107 583 1166 est,
602 1099 657 1154 hoo
693 1103 777 1166 rium,
798 1103 826 1154 in
847 1103 957 1156 Nicoloi
978 1103 1114 1157 honorem
1141 1098 1238 1160 aedifi-

106 1183 224 1236 qnoque
244 1168 325 1232 loco,
353 1185 435 1237 quem
462 1178 563 1222 auctor
582 1171 656 1238 peri·
692 1181 797 1224 catum.
834 1172 863 1223 Si
891 1187 960 1223 rero
986 1173 1094 1225 Plinius
1115 1177 1237 1241 putarit,

102 1237 146 1304 pli
175 1237 334 1304 significat,
357 1239 455 1290 urbem
480 1239 585 1302 tuisse,
615 1239 657 1291 di·
694 1242 769 1309 quod
787 1240 992 1292 rideturrerte
1011 1257 1045 1292 ex
1063 1243 1157 1294 verbis
1176 1245 1238 1310 ejus

44 1359 51 1372 ,
102 1311 180 1356 ctam
201 1306 382 1358 Palaeam.
454 1331 457 1344 ν
691 1309 822 1361 concludi
834 1323 925 1376 posse,
939 1309 1182 1362 Stiriamiosnlanr
1195 1313 1238 1366 ita

143 1376 168 1436 l)
197 1373 259 1424 Hoc
281 1375 329 1425 vix
356 1390 455 1428 rerum
481 1379 525 1427 est
543 1391 651 1430 nomen.
688 1385 756 1430 ante
775 1377 895 1428 alterum
916 1385 999 1444 caput
1022 1379 1140 1441 insulae,
1160 1380 1238 1448 quod

108 1439 293 1493 Ptolemaeus
314 1458 401 1509 supra
434 1442 578 1495 Salamina
602 1458 652 1530 po·
688 1449 1237 1516 estpronrontoriumdeamas,essesi·

106 1505 652 1578 nitpromontorium,nomine’Elotocv.
688 1515 1237 1580 tam,utea,quemadmodumClidesin·

106 1575 206 1640 Quint
225 1593 316 1630 nonne
334 1572 504 1634 ’Ἐλαιοῦντα
529 1581 653 1632 scriben·
688 1582 767 1633 sulae
788 1581 822 1632 ad
844 1583 982 1633 orientem
1001 1587 1067 1634 sunt
1094 1591 1237 1635 extremae

107 1646 175 1697 dum
194 1645 255 1696 estl
282 1647 332 1698 Eat
350 1663 485 1715 perquam
505 1649 652 1711 credibile,
688 1650 774 1716 Cypri
800 1655 912 1716 partes,
936 1650 978 1700 ita
1003 1657 1130 1703 extrema
1149 1639 1237 1720 Cypri

106 1713 182 1782 quod
203 1717 424 1781 promontorium
451 1714 537 1767 hodie
556 1717 653 1768 Peda
688 1733 754 1785 pars
773 1718 809 1768 ad
829 1717 1004 1769 occidentem
1023 1719 1071 1781 sit,
1089 1720 1119 1769 in
1137 1734 1172 1771 eo
1193 1731 1237 1772 er·

106 1782 224 1844 dicitur,
236 1783 265 1833 id
284 1780 357 1835 bunc
377 1784 652 1837 Elaeuntaesse.
687 1787 779 1850 rarit3
810 1801 873 1837 nam
898 1786 938 1836 ibi
964 1801 1020 1837 non
1048 1786 1109 1838 ulla
1133 1794 1177 1839 est
1195 1788 1237 1838 in·

105 1851 152 1902 De
181 1865 311 1902 mensura
331 1866 384 1902 non
401 1851 509 1917 judico.
687 1853 766 1916 sula,
785 1855 834 1905 sed
854 1854 944 1904 Stiria
962 1854 1038 1906 intra
1056 1854 1137 1905 illum
1159 1869 1237 1922 mag·

141 1919 169 1980 2)
189 1921 267 1982 Quae
293 1914 545 1988 haecdsoosint‚
573 1919 654 1972 dubi·
687 1938 751 1973 num
771 1926 816 1974 est
834 1922 940 1984 sinum,
972 1922 1020 1990 qui
1039 1925 1236 1989 promontorio

103 1987 165 2038 tari
189 1987 357 2040 nondebet.
393 1987 463 2040 Sunt
490 1983 564 2052 ἄκρα
581 1987 652 2038 illud
688 1991 834 2042 callinusa
849 1989 976 2042 allicitur
995 1997 1024 2042 et
1038 1991 1236 2058 promontorio

103 2057 339 2122 promontorium,
359 2055 436 2124 quod
455 2056 491 2107 ad
513 2055 652 2106 orientem
686 2063 848 2114 Acamanta.
873 2062 910 2110 at
931 2065 1026 2115 tamen
1045 2065 1142 2126 potest
1163 2074 1237 2120 essa,

106 2129 234 2175 extrema
254 2139 319 2191 pars
337 2125 446 2176 insulae
465 2130 517 2176 est.
536 2122 650 2189 Strabo,
686 2132 718 2177 ut
737 2127 823 2178 Plinii
849 2125 935 2178 rerba
960 2126 1176 2194 interpretanda
1193 2129 1237 2178 ita

104 2193 156 2260 qui
176 2194 361 2258 promontorii
381 2193 553 2244 mentionem
572 2191 652 2254 lacit,
685 2195 760 2256 sint,
796 2198 828 2243 ut
852 2192 939 2262 Stiria
961 2194 1053 2245 ricina
1075 2201 1237 2262 promonto-

103 2274 209 2312 nornen
227 2261 307 2312 addit
326 2261 443 2322 nullum,
461 2260 651 2326 sedilludap·
685 2264 729 2313 rio
755 2263 900 2312 linamenti
927 2276 989 2313 esse
1015 2262 1136 2316 dicatur.
1180 2261 1235 2316 Sed

103 2328 243 2394 pellatam
263 2344 324 2380 esse
345 2330 468 2391 Κλεῖδες,
489 2345 503 2380 e
522 2328 651 2395 pluribus
685 2336 718 2380 nt
754 2329 788 2380 ad
825 2328 920 2381 Clides
955 2333 1146 2392 revertamur,
1182 2328 1237 2381 boo

103 2397 175 2448 licet
196 2397 383 2463 scriptoribus
400 2397 581 2463 intelligere,
606 2412 651 2447 re·
687 2403 808 2460 constat,
828 2395 882 2448 hoc
901 2398 1011 2448 nomine
1033 2409 1050 2450 a
1067 2397 1160 2449 Plinio
1172 2413 1236 2466 pro·

102 2465 161 2516 luti
177 2459 377 2527 exilerodott,
398 2467 455 2532 qui.
468 2465 501 2516 V.
516 2465 563 2516 108
582 2463 652 2515 haee
685 2466 866 2527 montorium,
895 2466 929 2516 de
954 2479 1011 2534 quo
1040 2467 1151 2534 agitur,
1178 2480 1236 2517 non

105 2531 191 2584 dicit:
221 2535 295 2600 Τῇὸε
322 2529 449 2617 dlvpool
475 2531 502 2585 ol
525 2532 652 2593 Φοίνικες
687 2549 748 2586 esse
767 2535 1235 2600 appellatum,exquotamennon

102 2595 290 2666 περιέπλευον
309 2595 359 2666 τὴν
377 2619 473 2666 ακρην,
493 2597 523 2650 ol
540 2597 652 2652 aelion-
687 2603 835 2670 sequitur,
854 2600 907 2652 huo
926 2616 1028 2652 nomen
1048 2600 1235 2668 promontorii

103 2687 154 2720 ται
174 2667 290 2727 Kleides
317 2668 365 2732 τῆς
393 2664 529 2734 Kdnpov3
566 2674 651 2734 atque
688 2671 714 2720 ei
727 2671 854 2737 ignotum
871 2669 968 2728 fuisso,
989 2683 1156 2734 quamquam
1173 2682 1236 2732 pru·
1271 2719 1274 2725 ,

105 2749 140 2786 ex
168 2731 211 2784 bis
237 2733 373 2800 ilesyrhii
399 2735 509 2786 verbis:
536 2736 652 2796 Kleides
685 2737 855 2796 montorium
891 2744 1092 2786 commemorat
1127 2732 1242 2800 Dina,

105 2797 255 2868 α’κρατεῖς,
291 2798 439 2870 Κύπριον,
476 2802 652 2868 quaererba
686 2809 887 2870 ratumque
908 2801 993 2862 dicit,
1022 2809 1055 2852 ut
1080 2800 1149 2852 haee
1172 2814 1236 2866 pro·

105 2869 654 2936 corruptarcctesicenrendaritMeur-
686 2867 1237 2936 bantverba:‚,l,ongitudinenrCypri
1337 2925 1341 2934 ι
1412 2869 1417 2876 ’

104 2941 181 2990 sius:
204 2932 278 3004 ἄκρα
295 2937 343 3006 τῆς
359 2934 487 3006 Κύπρου.
508 2937 589 2999 Quod
605 2953 652 2988 au·
687 2939 763 2989 inter
781 2937 836 2988 duo
848 2939 1060 3004 promontoria,
1081 2937 1150 2989 Dio
1161 2949 1236 2986 are·

103 3013 164 3058 tem
189 3007 244 3056 riri
271 3005 375 3056 eruditi
398 3011 543 3071 putarunt,
567 3005 653 3056 etiam
689 3013 761 3057 tum
783 3007 1051 3066 etAcamanta,
1087 3004 1164 3072 quod
1194 3007 1239 3055 est

105 3091 123 3126 a
145 3073 236 3124 Plinio
258 3073 288 3123 id
314 3075 539 3140 promontorium
559 3072 654 3124 Clides
689 3075 724 3125 ad
745 3088 884 3135 oceasum,
898 3070 1254 3138 ArtemidornsClrllAE„

107 3143 181 3204 dici,
205 3143 234 3191 in
260 3155 294 3194 eo
319 3139 387 3192 falsi
416 3147 490 3192 suot.
532 3140 604 3190 Nam
629 3141 654 3190 is
690 3141 889 3194 Timosthenes
908 3141 951 3191 CC
977 3141 1158 3208 (prodidit).“
1193 3141 1237 3190 ln·

105 3209 178 3261 haee
198 3209 286 3260 dixit:
302 3209 411 3272 „blare
430 3207 504 3276 qnod
524 3211 654 3275 praeten-
689 3209 856 3278 telligimus,
880 3215 1035 3259 extremum
1053 3207 1164 3258 insulae
1183 3206 1238 3270 Cy·-

106 3280 193 3340 ditur,
213 3279 316 3328 aulona
336 3277 466 3328 Cilicium
482 3283 592 3328 vocant,
621 3275 654 3325 ln
689 3277 733 3344 pri
753 3277 832 3343 quasi
853 3289 940 3326 cornu
961 3291 977 3326 a
996 3273 1090 3324 Plinio
1108 3274 1166 3325 dici
1187 3273 1238 3324 Di·

107 3347 206 3399 eodem
232 3347 289 3396 situ
314 3345 407 3395 insula
432 3345 535 3395 Eleusa
559 3350 603 3395 est
627 3349 656 3394 et
690 3350 868 3395 naretnm.
904 3342 963 3394 Nos
984 3347 1237 3408 autemputamus‚

108 3420 244 3482 quattuor
278 3419 342 3463 ante
368 3414 595 3479 promontorium
621 3425 656 3462 ex
692 3411 916 3530 promontorium
948 3410 1043 3460 clides
1075 3409 1161 3476 pluro
1190 3407 1239 3460 ha·

107 3483 230 3534 adverso
273 3481 375 3546 Syriae
411 3479 558 3542 elides,
596 3493 658 3531 rur·
714 3481 788 3531 uisse
815 3480 924 3545 capita,
951 3491 1068 3546 quorum
1089 3477 1135 3540 id,
1161 3475 1239 3544 quod

107 3565 214 3618 susque
233 3547 268 3598 ab
284 3549 375 3598 altero
395 3550 487 3616 rapite
506 3548 658 3600 Stiria.“
693 3548 858 3615 longissime
879 3547 916 3597 ad
943 3553 1034 3598 ortum
1053 3545 1238 3611 promineret,

108 3619 162 3670 list
187 3623 279 3670 autem
307 3617 402 3682 potius
428 3621 492 3684 post
517 3615 657 3682 Syriae
692 3617 880 3669 Romanorum
910 3613 1087 3682 temporibus
1113 3613 1239 3680 appella·

107 3685 376 3754 interpungendum,
395 3689 428 3737 ut
446 3683 579 3735 Clides
608 3697 656 3733 no·
692 3693 770 3738 retur
800 3685 983 3746 Dinaretum,
1016 3681 1094 3748 quod
1119 3681 1238 3732 verbum

110 3769 174 3806 men
203 3760 339 3819 quattuor
364 3752 418 3818 sit,
453 3751 525 3818 quiae
560 3751 656 3802 dieun-
692 3767 758 3804 num
793 3767 810 3802 a
836 3752 945 3804 Graeco
972 3749 1070 3818 aliquo
1095 3748 1239 3815 adjectivo

110 3833 166 3885 tur,
184 3822 347 3872 insularum.
369 3819 429 3870 Nee
450 3818 580 3886 profecto
598 3835 657 3871 ma·
693 3820 800 3871 verbuli
821 3820 979 3872 docendum
993 3820 1040 3880 sit,
1056 3814 1239 3869 vehementer
1303 3865 1307 3877 λ

110 3889 169 3958 gir,
186 3889 260 3958 quod
279 3888 353 3938 idem
373 3887 425 3938 viri
446 3889 522 3938 docti
542 3892 658 3954 putare·
694 3889 826 3940 dubitare
841 3889 916 3943 licet.
939 3891 1060 3954 Quoquo
1078 3892 1239 3938 autemmo-

110 3965 195 4020 ruot‚
220 3955 339 4008 Stiria
364 3957 586 4023 promontorium
606 3961 658 4016 est,
694 3957 730 4008 do
756 3956 786 4010 id
812 3969 842 4007 se
861 3953 963 4018 habet,
985 3953 1037 4005 boe
1055 3954 1171 4005 dubium
1192 3953 1239 4003 rix

111 4026 160 4078 sad
178 4027 246 4076 item
264 4024 375 4086 insula;
403 4029 445 4076 est
469 4029 565 4076 autem
582 4020 658 4074 baud
694 4039 757 4077 esse
775 4029 879 4091 potest,
899 4022 1071 4091 qulnClides
1083 4023 1165 4088 plura
1179 4034 1240 4072 cor·

114 4093 200 4145 dubie
219 4092 407 4160 intelligenda
429 4107 474 4154 ea,
492 4105 565 4158 quae
585 4105 659 4142 nune
694 4107 750 4144 nna
773 4096 823 4142 aut
849 4095 944 4156 capita
963 4090 1111 4154 babuerit,
1138 4090 1181 4140 ita
1206 4093 1239 4140 ut

111 4162 205 4213 insula
233 4160 659 4228 diriNicolaiproptereano··
694 4162 874 4226 scripturam,
912 4173 985 4226 quae
1010 4159 1100 4209 estin
1120 4171 1249 4225 apogra··

113 4229 246 4290 minatur,
265 4227 339 4296 quod
358 4229 386 4278 in
406 4243 439 4280 ea
458 4231 658 4280 estmonaste·
690 4227 749 4296 pbo
767 4227 884 4296 prripli,
921 4223 968 4279 ἐπὶ
988 4222 1024 4278 τὰ
1043 4221 1118 4292 ἄκρα
1140 4239 1237 4278 reram

968 4311 1009 4372 10
