2852 4816
258 393 299 456 20
532 405 585 448 na
614 403 812 451 seatrrts
840 402 891 449 aa
919 405 1086 450 narare

257 580 309 640 23.
340 568 399 638 50'.
427 573 524 664 etiam
553 571 743 662 ipsebis1.
806 571 888 637 Sed
902 561 975 636 tani
1002 586 1115 658 aperta
1143 569 1371 657 Agatherneri

257 673 426 760 professio·
442 671 532 756 iacit,
553 688 591 737 ut
609 695 650 738 ne
671 672 830 737 dubitare
851 675 979 770 quidem
1006 672 1120 754 liceat,
1150 681 1226 760 quin
1249 675 1294 736 sit
1316 673 1372 736 el·-

257 788 307 838 ter
328 795 373 838 ex
395 772 497 837 altero
516 773 743 860 corrigendus.
786 771 857 838 Neo
879 771 1121 838 sanediffioilis
1142 777 1267 836 eratin
1296 785 1369 837 ter

257 879 303 939 tio
326 895 458 938 numero
481 897 580 939 error.
624 873 748 939 Eodem
767 878 854 938 enim
873 875 1034 956 redibunt,
1056 893 1116 960 pro
1138 871 1265 940 calculo
1285 892 1370 959 snp-

256 975 391 1074 putandi
419 971 583 1080 Romano,
622 972 704 1040 sid¹
730 975 938 1060 quadrantem
966 978 1163 1060 designarit3
1195 969 1221 1056 γ’
1253 988 1369 1038 autern

256 1089 322 1141 tres
353 1080 489 1155 uncias,
525 1070 609 1161 quae
637 1098 750 1140 revera
779 1079 987 1163 quadrantem
1021 1080 1105 1142 assis
1133 1072 1368 1140 conficiebant.

253 1179 342 1262 Ergo
372 1193 499 1262 tempus
528 1173 606 1239 illus
635 1175 765 1241 aliunde
796 1175 1031 1263 explorandum
1061 1188 1121 1241 est.
1161 1172 1368 1238 ¹Ptolemaeo

250 1282 435 1364 juniorem,
456 1299 550 1362 quem
573 1280 671 1341 toties
693 1281 848 1364 sequitur,
872 1279 974 1342 luisse
996 1276 1203 1341 manifestum
1225 1287 1284 1338 est.
1310 1275 1369 1339 ln-

254 1379 295 1441 de
325 1375 541 1462 Taprobanen
564 1377 747 1460 Salioam²,
770 1399 833 1443 non
857 1379 1001 1443 insulam
1021 1374 1279 1455 Palaesimundi,
1305 1397 1368 1460 ap·
1419 1405 1420 1422 ι

252 1477 367 1564 pellat,
391 1499 448 1561 pro
473 1477 624 1561 exemplo
657 1475 845 1542 Ptolemaei.
898 1479 1005 1543 Etiam
1034 1489 1109 1563 post
1139 1477 1252 1540 Seteri
1280 1490 1368 1540 tem·
1419 1509 1420 1558 ι

253 1598 335 1664 pora
362 1581 503 1640 vixisse
528 1576 657 1662 colligit
686 1576 900 1643 Weadelinus
935 1593 1065 1666 propter
1094 1576 1193 1640 verba
1221 1579 1292 1661 ejus
1324 1578 1366 1640 da
1419 1587 1420 1590 ’

164 1668 175 1682 ’
252 1675 436 1744 Albione’
423 1665 507 1762 ενῇ
538 1677 737 1762 στρατόπεδα
765 1681 943 1760 ἴδρυιαιθ,
983 1703 1064 1767 quae
1090 1675 1148 1742 ille
1173 1679 1217 1741 do
1246 1679 1367 1741 Severi

252 1777 341 1845 vallo
364 1791 440 1842 tuno
460 1799 575 1843 recens
597 1790 764 1844 exstructo
785 1779 999 1866 intelligenda
1020 1801 1093 1845 esse
1115 1791 1242 1858 censet,
1265 1777 1368 1839 ditio·

253 1883 304 1943 nis
326 1877 490 1960 Romanae
513 1881 659 1946 termino.
711 1880 810 1966 Atqui
839 1883 864 1943 si
889 1883 927 1943 de
960 1878 1019 1943 tali
1049 1877 1159 1966 aliquo
1187 1825 1274 1942 vallo
1306 1899 1366 1940 ne-

252 1999 344 2042 cesse
365 1989 470 2057 esset,
497 1989 533 2040 ut
554 1977 653 2043 verba
680 1977 740 2042 illa
767 1977 1043 2064 intelligerentur3
1077 1993 1169 2042 erant
1197 1977 1364 2063 prolecto,

155 2111 158 2124 =
253 2083 352 2142 etiam
375 2091 449 2141 ante
470 2078 639 2160 Severum,
676 2079 756 2143 talia
787 2079 875 2144 valla
904 2079 990 2162 alia,
1027 2080 1069 2142 ad
1098 2089 1365 2164 quae'poterant

251 2192 316 2243 non
339 2179 477 2242 absurde
499 2179 632 2265 referri,
660 2193 726 2245 tanr
748 2179 926 2264 Hadriani,
959 2203 1053 2268 quarn
1084 2181 1180 2244 etiam
1203 2178 1365 2242 Antonini

249 2279 311 2344 Pii.
356 2278 421 2343 Sed
451 2227 674 2364 στρατοπέδων
696 2282 878 2366 ἱδρυμένων
899 2287 1028 2348 nomina
1049 2283 1232 2366 Legionum
1254 2289 1367 2340 eastra

247 2363 414 2464 intelliget
443 2381 577 2456 stativa,
616 2402 678 2444 non
707 2377 747 2446 ad
779 2383 898 2446 vallum
922 2397 1025 2460 certe,
1060 2373 1156 2445 sed
1147 2404 1179 2444 ιιι
1213 2374 1366 2442 Urbibus

249 2479 437 2545 Britanniae
467 2483 610 2541 maxime
638 2485 840 2564 opportunis.
892 2473 990 2545 Talia
1019 2483 1082 2544 tria
1109 2478 1267 2557 Eboraci,
1295 2475 1366 2540 Ce—

250 2580 416 2657 striae,.et
437 2573 528 2640 lscae
551 2574 818 2658 Damnoniorom,
841 2601 899 2644 seu
922 2581 1090 2660 axonae,
1119 2593 1266 2642 numerat
1287 2579 1365 2660 ipse

249 2665 466 2741 Ptolemaeus.
508 2675 622 2761 Itaque
645 2699 707 2741 non
731 2695 780 2742 est
802 2701 869 2760 cnr,
892 2703 937 2745 ex
958 2681 1020 2743 hoo
1043 2679 1160 2743 saltem
1180 2675 1266 2753 loeo,
1289 2675 1364 2738 ool-

248 2775 390 2861 ligamus
413 2797 485 2838 enm
515 2773 618 2836 multo
646 2779 809 2860 juniorem
840 2781 942 2844 fnisse
970 2779 1024 2845 vel
1051 2782 1123 2863 ipso
1155 2773 1360 2842 Ptolemaeo.

250 2875 393 2940 Tantum
418 2872 513 2938 abest
543 2888 578 2936 ut
600 2875 768 2966 Plethnnis
800 2893 856 2943 aut
882 2879 992 2944 Gazae
1022 2876 1163 2944 Saeculo
1191 2874 1361 2938 admoveri

247 2979 372 3062 possit,
394 2990 428 3038 ut
450 2974 648 3060 virlqnidant
666 2977 780 3041 doctus
802 2978 976 3044 arbitra-tus
990 2993 1051 3044 est.
1094 2975 1234 3041 Maximi
1256 2988 1360 3056 certe,

249 3079 305 3162 qui
335 3075 524 3138 Gratianum
541 3075 785 3162 ¹Imperatorem
814 3083 996 3157 interfecit,
1026 3075 1165 3144 Saeculo
1189 3077 1359 3159 juniorem

250 3195 323 3238 esse
336 3195 409 3238 'non
431 3177 598 3260 potuisse,
627 3175 679 3240 vel
702 3182 720 3241 ὸ
742 3183 916 3264 praedictis
940 3177 1147 3264 colligimus,
1184 3195 1265 3260 quae
1279 3187 1358 3238 »tum

249 3280 423 3341 etiamnum
438 3264 531 3339 erant
549 3276 582 3337 in
597 3272 765 3342 Britannia
784 3294 904 3361 nostra,
916 3275 1152 3364 ’στρατοπέδοις
1165 3270 1356 3363 ἱδρυμέννις.

249 3377 370 3464 Copias
400 3379 486 3440 enim
517 3374 734 3444 Romanorum
765 3403 877 3445 ornnes
904 3404 950 3446 ex
980 3379 1040 3444 lrao
1068 3374 1356 3446 lnsrrladetraxit

249 3477 422 3561 Tyrannus
441 3474 500 3540 ille
522 3469 702 3545 Maximus.
744 3481 883 3564 Postea,
905 3483 1030 3560 fateor,
1051 3479 1159 3564 rogati
1182 3477 1203 3539 t
1223 3473 1356 3539 Britan·

249 3583 298 3643 nis
327 3577 465 3641 Romani
497 3581 654 3643 miseruut
679 3584 856 3648 identidem
884 3585 983 3647 sooiis
1019 3577 1157 3644 auxilia.
1184 3639 1187 3648 ,
1215 3576 1272 3640 Sio
1305 3589 1355 3642 ta·

248 3683 322 3741 rnen
342 3675 406 3755 illi,
429 3690 465 3740 ut
484 3698 520 3741 re
542 3678 624 3742 bene
645 3696 739 3764 gesta
759 3705 839 3749 mox
860 3684 1025 3760 redierint,
1046 3699 1106 3744 nee
1128 3679 1279 3760 deinceps
1300 3697 1355 3740 oa·

250 3789 316 3840 stra
342 3775 412 3840 ulla
438 3774 520 3842 fixa·
539 3777 591 3842 hio
628 3779 800 3849 tenuerint.
852 3786 947 3850 Anno
977 3805 1055 3866 ergo
1090 3771 1353 3844 Aerae‘nostrae
1415 3783 1416 3858 p

249 3873 454 3942 Christianae
475 3884 537 3944 383
556 3883 638 3964 (quo
659 3879 801 3948 Maximi
823 3905 923 3970 opera
944 3883 1061 3949 cecidit
1084 3878 1275 3955 Gratianus)
1296 3897 1354 3942 aa·

249 3977 369 4060 tiquior
390 3977 487 4042 luerit
508 3993 635 4065 oportet
662 3981 918 4068 Agathent'erns:
956 3985 1022 4045 imo
1046 3991 1138 4044 'certe
1159 4000 1243 4043 enno
1265 3980 1353 4061 ejus·

250 4077 323 4141 dem
344 4073 495 4158 Epoohae
516 4086 578 4147 330
599 4084 774 4169 antiquior,
796 4106 859 4172 quo
881 4083 969 4150 Urbs
990 4078 1352 4166 Constantinopolitano

319 4228 344 4294 l)
363 4225 437 4280 Ptol.
457 4225 561 4301 Geogr.
583 4233 616 4288 L.
635 4235 658 4288 l.
676 4251 701 4289 o.
720 4235 762 4289 23.
781 4251 807 4303 p.
827 4237 870 4287 tt.
887 4237 921 4291 L.
940 4237 988 4290 tv.
1006 4251 1029 4288 r.
1049 4236 1072 4287 5.
1093 4249 1118 4302 p.
1140 4235 1196 4285 122.
1239 4233 1264 4297 2)
1278 4235 1348 4302 Aga-

252 4315 371 4368 tnenreri
388 4313 421 4366 L.
441 4311 477 4366 ΙΙ.
496 4331 521 4366 c.
540 4317 564 4370 6.
582 4322 609 4379 g.
663 4319 695 4388 3)
712 4319 894 4390 Agathemefi
912 4323 944 4377 1,
964 4323 1000 4378 ιι,
1019 4334 1043 4374 n,
1063 4320 1092 4372 5,¹
