2852 4816
485 333 746 434 nurrnaora
1038 357 1048 372 ‘
1129 377 1170 438 ιι

56 559 86 620 εί
106 556 162 638 μέν
183 579 227 630 τις
253 554 455 636 πλησίονικαλ
478 555 546 640 παρ’
575 555 670 638 αὐτὴν
697 553 789 639 ἠϊόνα
816 543 989 636 περιπλὲοι·
1013 555 1170 630 ἐλάττονας

56 657 142 740 pter
166 652 287 738 εόρίρσει
310 655 448 729 σταδίους
468 659 524 718 τοῦ
544 655 607 718 κατ’
628 653 722 720 αὐτόν
745 653 799 744 τόν
820 652 956 737 αἰγιαλόν
985 655 1168 747 βαδίζοντος,

55 763 114 838 τῆς
137 755 173 820 δὲ
190 753 337 837 άληθείας
366 751 403 819 od
425 752 503 819 aoid
526 753 735 839 διαμαρτηοει·
759 757 786 819 ει’
801 753 834 819 δέ
853 779 897 830 τις
918 755 1063 839 ἐνδοτίρφ
1086 747 1168 838 περι·

56 855 199 922 πλεόσειε
227 855 281 920 τόν
308 853 401 919 αὐτόν
431 853 563 932 κόλπον,
598 853 726 936 ἥττονας
755 854 921 940 τοῦπαρὰ
950 853 1005 920 τόν
1033 856 1170 940 αίηιαλδν

13 975 21 990 ·
56 955 246 1030 πλεύσαντος
276 953 483 1038 εό(-34)ρησει
499 955 667 1034 σταδίους·
698 955 748 1018 καί
774 962 865 1022 τοῦτο
899 955 1098 1033 τοσαυτάκις*
1130 957 1170 1022 ie

57 1056 165 1141 εὕροι,
186 1053 292 1131 ὁσάκις
312 1053 352 1119 dv
374 1058 416 1130 είς
437 1051 622 1138 βραχύτερον
645 1051 783 1138 περιάγοι
805 1061 859 1120 τοῦ
876 1059 1025 1140 περίπλου
1048 1056 1102 1124 τόν
1116 1060 1169 1124 κά-

54 1164 151 1222 κλον·
173 1155 273 1237 όίοπερ
295 1153 353 1238 γάρ
375 1155 425 1218 ἐπὶ
446 1159 509 1218 τοῖν
530 1161 748 1237 περιφερειῶν,
770 1156 801 1218 εί
815 1180 860 1230 τις
881 1157 955 1236 μετά
976 1153 1033 1238 τὴν
1056 1159 1169 1234 ἔξωθεν

55 1254 201 1342 γραμμὴν
221 1256 324 1338 ἑτέραν
345 1255 472 1319 ἔνδοθεν
486 1251 700 1337 περιγράψειεν
721 1253 944 1337 περιφίρειαν5,
956 1257 1002 1336 κτά
1018 1259 1095 1324 odaei
1117 1265 1168 1326 πέ-

57 1384 134 1442 ρατα
158 1358 284 1438 ἔχουσαν
304 1355 355 1419 καί
375 1353 466 1419 πάλιν
487 1352 592 1434 άλλην,
613 1355 664 1416 καί
685 1351 758 1436 μετά
781 1355 900 1436 ε’κείνην
919 1357 1038 1440 ἑτέραν·
1060 1361 1082 1443 ἦ
1104 1364 1170 1428 δερ.
1280 1357 1283 1362 ‘

56 1461 130 1541 τέρα
153 1455 328 1540 περιφέρεια
349 1454 478 1520 ἐλάττων
500 1451 696 1538 εὑρεθήσεται
724 1461 779 1536 τῆς
807 1456 974 1539 προτέρας·
1004 1461 1057 1524 καί
1078 1461 1170 1528 πάλιν
1238 1543 1243 1555 Ι

56 1558 78 1640 ἡ
100 1559 189 1640 τρίτη
218 1563 272 1637 της
301 1556 456 1640 δευτόρας,
488 1555 601 1637 όριαίοις
628 1554 678 1616 καλ
706 1552 725 1634 ἡ
748 1553 874 1637 τετάρτη
905 1563 960 1639 τῆς
980 1563 1098 1646 τρίτης,
1119 1568 1170 1630 καὶ

57 1655 249 1740 άκολοόθοος,
271 1655 350 1724 odero
377 1655 532 1741 γινόμεναι
563 1653 747 1718 δεικνάοιντο
779 1653 819 1718 dv
854 1658 927 1732 είτις
951 1657 1059 1742 ἐφεξῆς
1080 1670 1170 1730 τοῦτο

57 1759 184 1838 ποιοίη·
207 1755 289 1821 odam
313 1755 365 1819 καί
386 1755 435 1820 ἐπὶ
457 1754 677 1848 τεόνικόλπιον,
707 1750 849 1837 καθάπερ
872 1757 975 1827 teum
995 1772 1170 1850 περιγραφῇ

58 1861 286 1940 περιφερειῶν,
314 1847 407 1932 ἔξεστι
427 1862 491 1931 τοῖς
511 1853 704 1937 περιπλέουσι
725 1852 777 1916 καί
798 1852 848 1918 διά
871 1857 1021 1924 πλειόνων
1041 1866 1172 1930 σταδίοιν

58 1965 219 2022 ποιεῖσθαι
239 1953 293 2019 τόν
314 1961 427 2032 πλοῦν,
441 1955 499 2020 καὶ
521 1953 559 2018 δι’
579 1952 744 2019 ἐλαττόνων
756 1961 790 1998 ⁰·
821 1959 966 2024 τοῦτοδὲ
985 1962 1036 2026 καί
1058 1965 1091 2036 ἐκ
1111 1971 1172 2028 τῶν

60 2057 198 2122 διάπλαν
221 2056 312 2138 σαφὲς
332 2054 372 2120 δίο
393 2059 572 2137 κατασταίη·
595 2056 622 2118 εί
642 2052 703 2138 γάρ.
720 2079 766 2130 τις
787 2056 960 2178 [ἐθελειῙρὴ
982 2072 1172 2152 περιπλεῖνζ,

59 2293 312 2370 circumnaviget,
336 2296 474 2370 pauciora
501 2291 617 2369 quidem
636 2293 767 2349 inveniet
794 2293 906 2368 stadia,
938 2317 1024 2374 quam
1051 2305 1101 2377 qui
1119 2323 1173 2380 per

59 2371 148 2428 iittue
168 2371 263 2442 iprum
289 2369 415 2426 incedit:
442 2369 493 2426 ced
520 2388 537 2425 a
562 2369 687 2425 veritate
713 2383 772 2422 non
795 2371 919 2428 multum
944 2374 1100 2434 aberravit.
1140 2378 1174 2437 si

59 2445 218 2520 quievero
244 2445 367 2501 interius
395 2444 471 2502 hunc
496 2446 592 2519 ipsum
610 2445 712 2498 tinum
732 2444 981 2524 circumvehatur,
1009 2451 1103 2510 stadia
1122 2453 1174 2512 ad-

59 2520 118 2576 huc
139 2521 279 2593 pauciora
304 2514 485 2591 numerabit,
514 2537 600 2594 quam
624 2519 674 2590 qui
701 2520 784 2575 iuxta
809 2522 892 2580 littus
924 2519 1111 2607 navigaverit
1144 2543 1174 2588 et

59 2595 230 2672 [numerum
251 2598 359 2653 sensim
383 2595 531 2668 imminui]
558 2593 646 2649 totiea
673 2597 846 2667 comperiet,
874 2605 989 2674 quoties
1010 2604 1174 2664 breviorem
1229 2633 1234 2638 ·
1260 2661 1265 2672 ,

59 2672 170 2748 peripli
202 2673 400 2730 circumducat
433 2671 582 2728 circulum.
632 2664 674 2722 Ut
701 2669 779 2722 enim
803 2670 835 2725 in
861 2676 1121 2756 circumferentiis,
1148 2685 1174 2740 oi

60 2749 131 2823 quio
159 2756 226 2820 post
250 2747 358 2803 lineum
383 2749 577 2816 exteriorem,
605 2744 726 2800 alteram
752 2743 832 2801 intuo
852 2748 1001 2812 describat
1020 2758 1175 2815 circumie-

60 2821 208 2889 rentiam,
236 2821 353 2878 eoadem
372 2825 515 2878 terminos
536 2819 711 2888 habentem,
739 2828 769 2874 et
790 2840 892 2881 rursus
912 2829 1051 2905 aiteram,
1071 2836 1174 2892 aliam·
1283 2857 1286 2868 ·

63 2915 121 2973 que
141 2903 210 2970 poet
236 2895 333 2972 iilam3
355 2885 483 2952 eecun‘da
502 2893 740 2950 circumferentia
764 2898 857 2969 priori
875 2903 975 2962 minor
993 2908 1174 2982 invenietur,

62 2983 95 3029 et
114 2989 233 3028 rursum
252 2973 342 3028 tertia
361 2971 506 3042 secunda,
527 2970 715 3036 similiteret
734 2983 838 3043 quarta
861 2979 964 3036 tertia:
985 2991 1025 3053 et,
1046 2986 1072 3039 oi
1091 2986 1174 3042 lubet
1194 3027 1197 3036 ·

62 3049 190 3106 ulterius
217 3065 280 3102 rem
307 3051 463 3124 prosequi,
494 3063 568 3120 quae
595 3044 731 3119 deinceps
760 3046 855 3107 factae
882 3066 970 3112 erunt
989 3059 1067 3116 idem
1107 3063 1173 3120 lane

61 3121 279 3181 monstrabunt.
320 3123 371 3182 Sic
390 3126 422 3181 in
443 3124 618 3181 circuitione
639 3122 775 3193 ainuum,
802 3127 905 3186 eodem
924 3131 1009 3204 iere,
1033 3079 1120 3194 modo
1140 3157 1174 3196 ac

62 3203 95 3257 in
117 3198 208 3255 ductu
228 3199 540 3270 circumferentiarum,
560 3199 633 3252 licet
651 3198 971 3280 circumnavigantibur
991 3212 1123 3285 pluribus
1144 3225 1174 3271 ct

63 3274 253 3352 paucioribus
279 3277 381 3334 atadiio
410 3294 528 3334 cursum
555 3291 706 3349 peragere.
746 3273 812 3334 Hoc
832 3292 931 3339 autem
951 3303 987 3340 ex
1007 3289 1173 3364 navigatio-

63 3353 151 3408 nibus
181 3350 340 3410 manifesto
360 3355 479 3429 liqueat.
509 3349 584 3406 Nam
612 3352 637 3404 si
665 3349 730 3422 quis
756 3371 814 3409 non
843 3359 1093 3434 circumvehatur,
1122 3360 1172 3420 aad

98 3595 126 3660 2)
147 3597 227 3664 Lege
244 3591 406 3648 δποκείοθω
424 3590 493 3664 γάρ,
520 3595 604 3664 λόγον
680 3595 707 3658 5)
745 3595 934 3669 περιφέρειαν.
949 3607 955 3620 ’
973 3605 1174 3662 Hoeachel.

64 3662 159 3736 χάριν.
179 3663 382 3718 Hoeochel.
640 3663 729 3718 codd.
748 3671 939 3740 περιφερείαν.

98 3749 127 3814 3)
141 3745 287 3818 Legepiv.
303 3747 507 3802 Hocschel.
525 3749 606 3802 Hud—

64 3831 152 3870 oonua
168 3818 301 3870 tuebatur
314 3819 462 3871 lectionem
478 3818 605 3870 codicum
674 3816 702 3880 6)
720 3813 883 3876 ἐλαττόνων.
904 3825 980 3878 Hoc
991 3842 1004 3878 a
1014 3825 1142 3884 chelim
1152 3847 1176 3894 ι,

65 3883 129 3954 pic,
159 3887 209 3938 sed
235 3901 286 3938 nos
312 3901 373 3938 cunr
399 3887 502 3939 editori
520 3887 606 3942 Vien·
641 3885 718 3956 quod
736 3889 830 3942 editor
851 3885 932 3946 Vico.
952 3903 981 3946 et
1000 3909 1050 3948 noa
1069 3901 1172 3967 recepi·

42 3957 148 4024 ,nonai
167 3957 325 4023 recepimus
342 3955 510 4008 Hoeachelii
526 3951 584 4026 μέν.
640 3958 821 4028 ιιιιιεῃῦοδδ.
840 3956 1008 4016 ἐλαττόνων.
1042 3995 1045 4004 1

99 4043 128 4100 4)
146 4042 227 4110 Lege
237 4025 406 4106 ’τοσαυτάκις
416 4038 606 4098 Hoeschei.·-
1153 4081 1158 4092 .

66 4109 135 4164 Mox
163 4105 268 4174 οίσάκις
299 4111 389 4162 edidit
419 4111 605 4166 iloesche·
673 4110 702 4171 i)
733 4111 822 4164 Recte
857 4111 930 4163 vidit
967 4117 1177 4180 Hudaonuo,

66 4177 159 4245 liue;
185 4175 388 4232 liudsonna
422 4188 516 4234 autern
542 4174 607 4236 δσά·
639 4183 706 4244 poet
724 4183 840 4234 verbum
858 4184 1018 4252 περιπλεῖν,
1037 4187 1178 4239 exciditne

65 4265 126 4311 τις,
152 4257 238 4317 quem
257 4247 356 4302 editor
381 4248 547 4306 Viennenaia
577 4254 606 4302 et
640 4250 742 4319 ἐθέλει,
761 4258 811 4304 aut
829 4250 1010 4320 mutiloquio,
1044 4257 1103 4308 Noa
1122 4253 1176 4306 hoc

65 4331 119 4368 noa
138 4317 250 4386 aequuti
268 4333 372 4372 eumue.
639 4324 754 4376 corbum
772 4320 937 4380 adiecimus.
