<?xml version="1.0" encoding="UTF-8"?>
<!DOCTYPE html PUBLIC "-//W3C//DTD XHTML 1.0 Transitional//EN"
    "http://www.w3.org/TR/xhtml1/DTD/xhtml1-transitional.dtd">
<html xmlns="http://www.w3.org/1999/xhtml" xml:lang="en" lang="en">
 <head>
  <title>
</title>
<meta http-equiv="Content-Type" content="text/html;charset=utf-8" />
  <meta name='ocr-system' content='tesseract 3.04.00' />
  <meta name='ocr-capabilities' content='ocr_page ocr_carea ocr_par ocr_line ocrx_word'/>
</head>
<body>
  <div class='ocr_page' id='page_1' title='image "./marcianiperiplu00menigoog_0150.png"; bbox 0 0 2864 4812; ppageno 0'>
   <div class='ocr_carea' id='block_1_1' title="bbox 489 360 1172 441">
    <p class='ocr_par' dir='ltr' id='par_1_1' title="bbox 489 360 1172 441">
     <span class='ocr_line' id='line_1_1' title="bbox 489 360 1172 441; baseline 0.007 -7"><span class='ocrx_word' id='word_1_1' title='bbox 489 360 771 436; x_wconf 69' lang='lat' dir='ltr'><strong>nertnnorn&#39;</strong></span> <span class='ocrx_word' id='word_1_2' title='bbox 1112 377 1172 441; x_wconf 86' lang='lat' dir='ltr'><strong>rat</strong></span> 
     </span>
    </p>
   </div>
   <div class='ocr_carea' id='block_1_2' title="bbox 85 553 1256 1643">
    <p class='ocr_par' dir='ltr' id='par_1_2' title="bbox 87 553 1240 1044">
     <span class='ocr_line' id='line_1_2' title="bbox 88 553 1174 643; baseline 0 -19"><span class='ocrx_word' id='word_1_3' title='bbox 88 557 150 624; x_wconf 79' lang='grc' dir='ltr'><strong><em>τατί</em></strong></span> <span class='ocrx_word' id='word_1_4' title='bbox 175 563 229 643; x_wconf 73' lang='lat' dir='ltr'><strong>priv</strong></span> <span class='ocrx_word' id='word_1_5' title='bbox 252 555 304 622; x_wconf 83' lang='grc' dir='ltr'><strong><em>ιιαί</em></strong></span> <span class='ocrx_word' id='word_1_6' title='bbox 325 554 491 624; x_wconf 73' lang='grc' dir='ltr'><strong><em>θάλασσαν.</em></strong></span> <span class='ocrx_word' id='word_1_7' title='bbox 520 555 713 643; x_wconf 63' lang='lat' dir='ltr'><strong>depectendi</strong></span> <span class='ocrx_word' id='word_1_8' title='bbox 734 559 777 634; x_wconf 87' lang='grc' dir='ltr'><strong><em>είς</em></strong></span> <span class='ocrx_word' id='word_1_9' title='bbox 798 557 939 638; x_wconf 83' lang='grc' dir='ltr'><strong><em>ίπαρχίας</em></strong></span> <span class='ocrx_word' id='word_1_10' title='bbox 961 553 1021 636; x_wconf 78' lang='lat' dir='ltr'><strong>d&#39;‚⁸</strong></span> <span class='ocrx_word' id='word_1_11' title='bbox 1046 559 1174 624; x_wconf 78' lang='grc' dir='ltr'><strong><em>Γαλλίαν</em></strong></span> 
     </span>
     <span class='ocr_line' id='line_1_3' title="bbox 87 656 1173 744; baseline 0.001 -21"><span class='ocrx_word' id='word_1_12' title='bbox 87 658 258 737; x_wconf 84' lang='grc' dir='ltr'><strong><em>Ἀτυτανίαν,</em></strong></span> <span class='ocrx_word' id='word_1_13' title='bbox 278 657 331 722; x_wconf 81' lang='grc' dir='ltr'><strong>καί</strong></span> <span class='ocrx_word' id='word_1_14' title='bbox 353 658 481 722; x_wconf 79' lang='grc' dir='ltr'><strong><em>Γαλλίαν</em></strong></span> <span class='ocrx_word' id='word_1_15' title='bbox 501 659 766 743; x_wconf 80' lang='grc' dir='ltr'><strong><em>Λουχὸουνησίαν,</em></strong></span> <span class='ocrx_word' id='word_1_16' title='bbox 797 657 847 721; x_wconf 79' lang='grc' dir='ltr'><strong>καί</strong></span> <span class='ocrx_word' id='word_1_17' title='bbox 869 660 997 722; x_wconf 77' lang='grc' dir='ltr'><strong><em>Γαλλίαν</em></strong></span> <span class='ocrx_word' id='word_1_18' title='bbox 1017 656 1173 744; x_wconf 73' lang='grc' dir='ltr'><strong><em>Βελχινήν,</em></strong></span> 
     </span>
     <span class='ocr_line' id='line_1_4' title="bbox 87 745 1240 848; baseline -0.002 -23"><span class='ocrx_word' id='word_1_19' title='bbox 87 760 129 826; x_wconf 79' lang='grc' dir='ltr'><strong>ταί</strong></span> <span class='ocrx_word' id='word_1_20' title='bbox 153 759 389 842; x_wconf 79' lang='grc' dir='ltr'><strong><em>Ναρβωνησίαν·</em></strong></span> <span class='ocrx_word' id='word_1_21' title='bbox 424 754 486 821; x_wconf 76' lang='grc' dir='ltr'><strong><em>ἀλλ’</em></strong></span> <span class='ocrx_word' id='word_1_22' title='bbox 499 745 502 758; x_wconf 76' lang='lat'><strong>.</strong></span> <span class='ocrx_word' id='word_1_23' title='bbox 516 758 549 822; x_wconf 87' lang='grc' dir='ltr'><strong>αί</strong></span> <span class='ocrx_word' id='word_1_24' title='bbox 577 757 632 840; x_wconf 82' lang='grc' dir='ltr'><strong>μὲν</strong></span> <span class='ocrx_word' id='word_1_25' title='bbox 663 759 877 842; x_wconf 80' lang='grc' dir='ltr'><strong><em>προειρημέναι</em></strong></span> <span class='ocrx_word' id='word_1_26' title='bbox 904 765 982 841; x_wconf 84' lang='grc' dir='ltr'><strong><em>τρεῖς</em></strong></span> <span class='ocrx_word' id='word_1_27' title='bbox 1009 759 1171 842; x_wconf 64' lang='grc' dir='ltr'><strong><em>ἐπαρχίαν*</em></strong></span> <span class='ocrx_word' id='word_1_28' title='bbox 1219 758 1240 848; x_wconf 33' lang='grc'><strong>““</strong></span> 
     </span>
     <span class='ocr_line' id='line_1_5' title="bbox 87 849 1200 944; baseline -0.001 -20"><span class='ocrx_word' id='word_1_29' title='bbox 87 865 268 942; x_wconf 75' lang='grc' dir='ltr'><strong><em>προσοικοῦσι</em></strong></span> <span class='ocrx_word' id='word_1_30' title='bbox 287 863 330 944; x_wconf 75' lang='grc' dir='ltr'><strong><em>τῷ</em></strong></span> <span class='ocrx_word' id='word_1_31' title='bbox 358 855 481 941; x_wconf 70' lang='lat' dir='ltr'><strong>decerpi</strong></span> <span class='ocrx_word' id='word_1_32' title='bbox 509 854 587 939; x_wconf 76' lang='grc' dir='ltr'><strong><em>πρὸς</em></strong></span> <span class='ocrx_word' id='word_1_33' title='bbox 614 853 668 933; x_wconf 71' lang='grc' dir='ltr'><strong><em>τὰς</em></strong></span> <span class='ocrx_word' id='word_1_34' title='bbox 695 857 823 940; x_wconf 80' lang='grc' dir='ltr'><strong><em>ίίρκτους</em></strong></span> <span class='ocrx_word' id='word_1_35' title='bbox 849 857 1062 940; x_wconf 76' lang='grc' dir='ltr'><strong><em>ἐστραμμέναι·</em></strong></span> <span class='ocrx_word' id='word_1_36' title='bbox 1091 857 1112 940; x_wconf 74' lang='grc' dir='ltr'><em>ἡ</em></span> <span class='ocrx_word' id='word_1_37' title='bbox 1142 849 1200 924; x_wconf 54' lang='lat' dir='ltr'><strong>db⁸</strong></span> 
     </span>
     <span class='ocr_line' id='line_1_6' title="bbox 88 947 1180 1044; baseline -0.001 -21"><span class='ocrx_word' id='word_1_38' title='bbox 88 961 277 1043; x_wconf 82' lang='grc' dir='ltr'><strong><em>Ναρβονησία</em></strong></span> <span class='ocrx_word' id='word_1_39' title='bbox 305 959 338 1022; x_wconf 79' lang='grc' dir='ltr'><strong>ἐν</strong></span> <span class='ocrx_word' id='word_1_40' title='bbox 359 959 426 1043; x_wconf 88' lang='grc'>(78)</span> <span class='ocrx_word' id='word_1_41' title='bbox 448 965 487 1042; x_wconf 75' lang='grc' dir='ltr'><strong><em>τῇ</em></strong></span> <span class='ocrx_word' id='word_1_42' title='bbox 512 947 582 1021; x_wconf 81' lang='grc' dir='ltr'><strong><em>καθ’</em></strong></span> <span class='ocrx_word' id='word_1_43' title='bbox 609 956 690 1039; x_wconf 70' lang='grc' dir='ltr'><strong><em>ἡμᾶς</em></strong></span> <span class='ocrx_word' id='word_1_44' title='bbox 715 958 767 1022; x_wconf 82' lang='grc' dir='ltr'><strong>καί</strong></span> <span class='ocrx_word' id='word_1_45' title='bbox 795 955 880 1032; x_wconf 79' lang='grc' dir='ltr'><strong><em>ἐντὸς</em></strong></span> <span class='ocrx_word' id='word_1_46' title='bbox 905 964 999 1022; x_wconf 81' lang='grc' dir='ltr'><strong><em>νεῖται</em></strong></span> <span class='ocrx_word' id='word_1_47' title='bbox 1024 956 1180 1044; x_wconf 69' lang='grc' dir='ltr'><strong><em>θαλαίσσχζ</em></strong></span> 
     </span>
    </p>

    <p class='ocr_par' dir='ltr' id='par_1_3' title="bbox 86 1046 1174 1143">
     <span class='ocr_line' id='line_1_7' title="bbox 86 1046 1174 1143; baseline -0.002 -19"><span class='ocrx_word' id='word_1_48' title='bbox 86 1058 154 1143; x_wconf 81' lang='grc' dir='ltr'><strong><em>πρὸς</em></strong></span> <span class='ocrx_word' id='word_1_49' title='bbox 173 1057 226 1142; x_wconf 81' lang='grc' dir='ltr'><strong><em>τὴν</em></strong></span> <span class='ocrx_word' id='word_1_50' title='bbox 245 1059 434 1142; x_wconf 74' lang='grc' dir='ltr'><strong><em>μεσημβρίαν</em></strong></span> <span class='ocrx_word' id='word_1_51' title='bbox 455 1057 564 1141; x_wconf 76' lang='grc' dir='ltr'><strong><em>ὁραίσα.</em></strong></span> <span class='ocrx_word' id='word_1_52' title='bbox 587 1057 710 1139; x_wconf 81' lang='grc' dir='ltr'><strong><em>λέξομεν</em></strong></span> <span class='ocrx_word' id='word_1_53' title='bbox 723 1046 826 1122; x_wconf 64' lang='grc' dir='ltr'><strong><em>τοίνυν</em></strong></span> <span class='ocrx_word' id='word_1_54' title='bbox 845 1055 899 1120; x_wconf 82' lang='grc' dir='ltr'><strong><em>τὸν</em></strong></span> <span class='ocrx_word' id='word_1_55' title='bbox 915 1056 1081 1136; x_wconf 83' lang='grc' dir='ltr'><strong><em>περίπλουν</em></strong></span> <span class='ocrx_word' id='word_1_56' title='bbox 1101 1055 1174 1122; x_wconf 85' lang='lat' dir='ltr'><strong>eitte-</strong></span> 
     </span>
    </p>

    <p class='ocr_par' dir='ltr' id='par_1_4' title="bbox 85 1152 1256 1643">
     <span class='ocr_line' id='line_1_8' title="bbox 86 1152 1241 1242; baseline -0.002 -19"><span class='ocrx_word' id='word_1_57' title='bbox 86 1158 194 1236; x_wconf 80' lang='grc' dir='ltr'><strong><em>λοίθας</em></strong></span> <span class='ocrx_word' id='word_1_58' title='bbox 219 1157 282 1224; x_wconf 79' lang='grc' dir='ltr'><strong><em>α’πίι</em></strong></span> <span class='ocrx_word' id='word_1_59' title='bbox 310 1163 367 1240; x_wconf 81' lang='grc' dir='ltr'><strong><em>τῆς</em></strong></span> <span class='ocrx_word' id='word_1_60' title='bbox 391 1156 564 1233; x_wconf 81' lang='grc' dir='ltr'><strong><em>Ἀκυταυίας</em></strong></span> <span class='ocrx_word' id='word_1_61' title='bbox 584 1155 757 1242; x_wconf 72' lang='grc' dir='ltr'><strong><em>ἀρξάμενοι,</em></strong></span> <span class='ocrx_word' id='word_1_62' title='bbox 778 1163 840 1222; x_wconf 68' lang='grc' dir='ltr'><strong><em>τοῖν</em></strong></span> <span class='ocrx_word' id='word_1_63' title='bbox 861 1153 942 1239; x_wconf 81' lang='grc' dir='ltr'><strong><em>παροί</em></strong></span> <span class='ocrx_word' id='word_1_64' title='bbox 963 1152 1018 1220; x_wconf 82' lang='grc' dir='ltr'><strong>τόν</strong></span> <span class='ocrx_word' id='word_1_65' title='bbox 1040 1152 1175 1222; x_wconf 80' lang='grc' dir='ltr'><strong><em>οίνιεανόν</em></strong></span> <span class='ocrx_word' id='word_1_66' title='bbox 1236 1219 1241 1227; x_wconf 79' lang='grc'>,</span> 
     </span>
     <span class='ocr_line' id='line_1_9' title="bbox 85 1257 1176 1346; baseline 0.001 -23"><span class='ocrx_word' id='word_1_67' title='bbox 85 1257 133 1324; x_wconf 86' lang='grc' dir='ltr'><strong>τίν</strong></span> <span class='ocrx_word' id='word_1_68' title='bbox 156 1258 292 1346; x_wconf 74' lang='grc' dir='ltr'><strong><em>α’ρατρῐον</em></strong></span> <span class='ocrx_word' id='word_1_69' title='bbox 318 1263 373 1342; x_wconf 78' lang='grc' dir='ltr'><strong><em>τῆς</em></strong></span> <span class='ocrx_word' id='word_1_70' title='bbox 398 1259 632 1342; x_wconf 82' lang='grc' dir='ltr'><strong><em>Κελτοχαλατίας</em></strong></span> <span class='ocrx_word' id='word_1_71' title='bbox 662 1257 890 1340; x_wconf 79' lang='grc' dir='ltr'><strong><em>παροινούντων</em></strong></span> <span class='ocrx_word' id='word_1_72' title='bbox 918 1257 1028 1323; x_wconf 73' lang='grc' dir='ltr'><strong><em>ἐθνῶν.</em></strong></span> <span class='ocrx_word' id='word_1_73' title='bbox 1066 1265 1176 1324; x_wconf 82' lang='grc' dir='ltr'><strong><em>τοῦτον</em></strong></span> 
     </span>
     <span class='ocr_line' id='line_1_10' title="bbox 85 1354 1174 1444; baseline 0.002 -23"><span class='ocrx_word' id='word_1_74' title='bbox 85 1355 134 1441; x_wconf 73' lang='lat' dir='ltr'><strong>peip</strong></span> <span class='ocrx_word' id='word_1_75' title='bbox 151 1356 203 1422; x_wconf 81' lang='lat' dir='ltr'><strong>cdv</strong></span> <span class='ocrx_word' id='word_1_76' title='bbox 222 1361 389 1443; x_wconf 84' lang='grc' dir='ltr'><strong><em>περίπλουν</em></strong></span> <span class='ocrx_word' id='word_1_77' title='bbox 408 1357 596 1444; x_wconf 70' lang='grc' dir='ltr'><strong><em>ἀναγράφειν</em></strong></span> <span class='ocrx_word' id='word_1_78' title='bbox 620 1355 824 1441; x_wconf 72' lang='grc' dir='ltr'><strong><em>ὑπεσχόμεθα.</em></strong></span> <span class='ocrx_word' id='word_1_79' title='bbox 853 1364 907 1440; x_wconf 79' lang='grc' dir='ltr'><strong><em>τῆς</em></strong></span> <span class='ocrx_word' id='word_1_80' title='bbox 927 1354 985 1442; x_wconf 73' lang='lat' dir='ltr'><strong>peip</strong></span> <span class='ocrx_word' id='word_1_81' title='bbox 1007 1362 1174 1443; x_wconf 76' lang='grc' dir='ltr'><strong><em>Ναρβατη-</em></strong></span> 
     </span>
     <span class='ocr_line' id='line_1_11' title="bbox 86 1454 1175 1544; baseline 0.001 -24"><span class='ocrx_word' id='word_1_82' title='bbox 86 1459 144 1534; x_wconf 86' lang='grc' dir='ltr'><strong><em>σίας</em></strong></span> <span class='ocrx_word' id='word_1_83' title='bbox 167 1457 218 1523; x_wconf 80' lang='grc' dir='ltr'><strong><em>τὸν</em></strong></span> <span class='ocrx_word' id='word_1_84' title='bbox 245 1460 412 1542; x_wconf 85' lang='grc' dir='ltr'><strong><em>περίπλουν</em></strong></span> <span class='ocrx_word' id='word_1_85' title='bbox 442 1460 475 1524; x_wconf 76' lang='grc' dir='ltr'><strong>ἐν</strong></span> <span class='ocrx_word' id='word_1_86' title='bbox 501 1464 540 1544; x_wconf 77' lang='grc' dir='ltr'><strong><em>τῇ</em></strong></span> <span class='ocrx_word' id='word_1_87' title='bbox 568 1458 697 1542; x_wconf 70' lang='grc' dir='ltr'><strong><em>ἐπιτομῇ</em></strong></span> <span class='ocrx_word' id='word_1_88' title='bbox 723 1465 777 1539; x_wconf 81' lang='grc' dir='ltr'><strong><em>τῆς</em></strong></span> <span class='ocrx_word' id='word_1_89' title='bbox 795 1454 1017 1540; x_wconf 75' lang='grc' dir='ltr'><strong><em>Ἀρτεμιδώρου</em></strong></span> <span class='ocrx_word' id='word_1_90' title='bbox 1039 1462 1175 1542; x_wconf 76' lang='grc' dir='ltr'><strong><em>Γεωμρα·</em></strong></span> 
     </span>
     <span class='ocr_line' id='line_1_12' title="bbox 86 1556 1256 1643; baseline 0.002 -23"><span class='ocrx_word' id='word_1_91' title='bbox 86 1559 149 1636; x_wconf 84' lang='grc' dir='ltr'><strong><em>φίας</em></strong></span> <span class='ocrx_word' id='word_1_92' title='bbox 166 1559 233 1641; x_wconf 77' lang='grc' dir='ltr'><strong><em>ἤτοι</em></strong></span> <span class='ocrx_word' id='word_1_93' title='bbox 253 1561 435 1643; x_wconf 69' lang='grc' dir='ltr'><strong><em>περίπλου,5</em></strong></span> <span class='ocrx_word' id='word_1_94' title='bbox 460 1565 565 1641; x_wconf 75' lang='grc' dir='ltr'><strong><em>σαφοῦς</em></strong></span> <span class='ocrx_word' id='word_1_95' title='bbox 585 1559 801 1641; x_wconf 77' lang='grc' dir='ltr'><strong><em>διεξήλθομεν,</em></strong></span> <span class='ocrx_word' id='word_1_96' title='bbox 834 1561 862 1623; x_wconf 86' lang='grc' dir='ltr'><strong><em>εί</em></strong></span> <span class='ocrx_word' id='word_1_97' title='bbox 888 1557 938 1621; x_wconf 83' lang='grc' dir='ltr'><strong>καί</strong></span> <span class='ocrx_word' id='word_1_98' title='bbox 960 1556 977 1622; x_wconf 82' lang='lat' dir='ltr'><strong>ti</strong></span> <span class='ocrx_word' id='word_1_99' title='bbox 999 1558 1175 1640; x_wconf 79' lang='grc' dir='ltr'><strong><em>προειρημέ-</em></strong></span> <span class='ocrx_word' id='word_1_100' title='bbox 1254 1577 1256 1584; x_wconf 79' lang='grc'>’</span> 
     </span>
    </p>
   </div>
   <div class='ocr_carea' id='block_1_3' title="bbox 50 1757 1225 2444">
    <p class='ocr_par' dir='ltr' id='par_1_5' title="bbox 50 1757 1225 2444">
     <span class='ocr_line' id='line_1_13' title="bbox 86 1757 1177 1835; baseline -0.002 -21"><span class='ocrx_word' id='word_1_101' title='bbox 86 1769 129 1814; x_wconf 88' lang='lat' dir='ltr'><strong>tur</strong></span> <span class='ocrx_word' id='word_1_102' title='bbox 145 1769 172 1816; x_wconf 88' lang='lat' dir='ltr'><strong>et</strong></span> <span class='ocrx_word' id='word_1_103' title='bbox 189 1778 241 1835; x_wconf 89' lang='lat' dir='ltr'><strong>per</strong></span> <span class='ocrx_word' id='word_1_104' title='bbox 259 1770 369 1820; x_wconf 84' lang='lat' dir='ltr'><strong>terrem</strong></span> <span class='ocrx_word' id='word_1_105' title='bbox 389 1771 419 1818; x_wconf 90' lang='lat' dir='ltr'><strong>et</strong></span> <span class='ocrx_word' id='word_1_106' title='bbox 438 1780 526 1819; x_wconf 89' lang='lat' dir='ltr'><strong>mare.</strong></span> <span class='ocrx_word' id='word_1_107' title='bbox 566 1760 669 1818; x_wconf 86' lang='lat' dir='ltr'><strong>Divisa</strong></span> <span class='ocrx_word' id='word_1_108' title='bbox 687 1769 783 1817; x_wconf 86' lang='lat' dir='ltr'><strong>autem</strong></span> <span class='ocrx_word' id='word_1_109' title='bbox 804 1767 850 1815; x_wconf 88' lang='lat' dir='ltr'><strong>est</strong></span> <span class='ocrx_word' id='word_1_110' title='bbox 870 1758 900 1812; x_wconf 91' lang='lat' dir='ltr'><strong>in</strong></span> <span class='ocrx_word' id='word_1_111' title='bbox 920 1757 1086 1832; x_wconf 82' lang='lat' dir='ltr'><strong>provincias</strong></span> <span class='ocrx_word' id='word_1_112' title='bbox 1106 1775 1177 1830; x_wconf 84' lang='lat' dir='ltr'><strong>qna-</strong></span> 
     </span>
     <span class='ocr_line' id='line_1_14' title="bbox 50 1831 1177 1925; baseline -0.002 -35"><span class='ocrx_word' id='word_1_113' title='bbox 50 1905 52 1910; x_wconf 25' lang='lat'>·</span> <span class='ocrx_word' id='word_1_114' title='bbox 86 1843 153 1906; x_wconf 86' lang='lat' dir='ltr'><strong>tuor,</strong></span> <span class='ocrx_word' id='word_1_115' title='bbox 172 1835 296 1894; x_wconf 77' lang='lat' dir='ltr'><strong>Galliam</strong></span> <span class='ocrx_word' id='word_1_116' title='bbox 316 1838 528 1913; x_wconf 81' lang='lat' dir='ltr'><strong>Aquitanicam,</strong></span> <span class='ocrx_word' id='word_1_117' title='bbox 549 1846 578 1894; x_wconf 91' lang='lat' dir='ltr'><strong>et</strong></span> <span class='ocrx_word' id='word_1_118' title='bbox 598 1836 726 1893; x_wconf 82' lang='lat' dir='ltr'><strong>Gelliam</strong></span> <span class='ocrx_word' id='word_1_119' title='bbox 745 1835 980 1925; x_wconf 74' lang='lat' dir='ltr'><strong>Lugdunensem,</strong></span> <span class='ocrx_word' id='word_1_120' title='bbox 1001 1841 1030 1887; x_wconf 89' lang='lat' dir='ltr'><strong>et</strong></span> <span class='ocrx_word' id='word_1_121' title='bbox 1052 1831 1177 1889; x_wconf 87' lang='lat' dir='ltr'><strong>Galliam</strong></span> 
     </span>
     <span class='ocr_line' id='line_1_15' title="bbox 85 1907 1177 1987; baseline -0.005 -18"><span class='ocrx_word' id='word_1_122' title='bbox 85 1907 236 1987; x_wconf 82' lang='lat' dir='ltr'><strong>Belgicam,</strong></span> <span class='ocrx_word' id='word_1_123' title='bbox 265 1923 294 1970; x_wconf 88' lang='lat' dir='ltr'><strong>et</strong></span> <span class='ocrx_word' id='word_1_124' title='bbox 316 1913 546 1971; x_wconf 77' lang='lat' dir='ltr'><strong>Narbonensem.</strong></span> <span class='ocrx_word' id='word_1_125' title='bbox 586 1912 646 1969; x_wconf 87' lang='lat' dir='ltr'><strong>Sed</strong></span> <span class='ocrx_word' id='word_1_126' title='bbox 670 1922 732 1969; x_wconf 91' lang='lat' dir='ltr'><strong>tres</strong></span> <span class='ocrx_word' id='word_1_127' title='bbox 758 1908 875 1986; x_wconf 75' lang='lat' dir='ltr'><strong>quidem</strong></span> <span class='ocrx_word' id='word_1_128' title='bbox 900 1909 1069 1984; x_wconf 79' lang='lat' dir='ltr'><strong>provinciae</strong></span> <span class='ocrx_word' id='word_1_129' title='bbox 1092 1926 1177 1982; x_wconf 86' lang='lat' dir='ltr'><strong>prae-</strong></span> 
     </span>
     <span class='ocr_line' id='line_1_16' title="bbox 87 1982 1207 2063; baseline -0.003 -23"><span class='ocrx_word' id='word_1_130' title='bbox 87 1985 168 2042; x_wconf 86' lang='lat' dir='ltr'><strong>dictae</strong></span> <span class='ocrx_word' id='word_1_131' title='bbox 179 1989 313 2062; x_wconf 88' lang='lat' dir='ltr'><strong>adjacent</strong></span> <span class='ocrx_word' id='word_1_132' title='bbox 333 2005 451 2060; x_wconf 79' lang='lat' dir='ltr'><strong>oceano,</strong></span> <span class='ocrx_word' id='word_1_133' title='bbox 472 1988 509 2046; x_wconf 91' lang='lat' dir='ltr'><strong>ed</strong></span> <span class='ocrx_word' id='word_1_134' title='bbox 528 1991 760 2063; x_wconf 81' lang='lat' dir='ltr'><strong>septentrionem</strong></span> <span class='ocrx_word' id='word_1_135' title='bbox 779 2003 956 2054; x_wconf 86' lang='lat' dir='ltr'><strong>conversae:</strong></span> <span class='ocrx_word' id='word_1_136' title='bbox 977 1982 1178 2040; x_wconf 82' lang='lat' dir='ltr'><strong>Narbonensis</strong></span> <span class='ocrx_word' id='word_1_137' title='bbox 1202 2023 1207 2034; x_wconf 86' lang='lat'><strong>.</strong></span> 
     </span>
     <span class='ocr_line' id='line_1_17' title="bbox 86 2059 1177 2139; baseline -0.002 -23"><span class='ocrx_word' id='word_1_138' title='bbox 86 2070 171 2118; x_wconf 86' lang='lat' dir='ltr'><strong>eutem</strong></span> <span class='ocrx_word' id='word_1_139' title='bbox 189 2065 220 2119; x_wconf 93' lang='lat' dir='ltr'><strong>in</strong></span> <span class='ocrx_word' id='word_1_140' title='bbox 239 2075 341 2122; x_wconf 87' lang='lat' dir='ltr'><strong>uestro</strong></span> <span class='ocrx_word' id='word_1_141' title='bbox 361 2073 391 2122; x_wconf 91' lang='lat' dir='ltr'><strong>et</strong></span> <span class='ocrx_word' id='word_1_142' title='bbox 412 2065 548 2121; x_wconf 88' lang='lat' dir='ltr'><strong>interiori</strong></span> <span class='ocrx_word' id='word_1_143' title='bbox 573 2065 647 2120; x_wconf 89' lang='lat' dir='ltr'><strong>mari</strong></span> <span class='ocrx_word' id='word_1_144' title='bbox 670 2059 767 2139; x_wconf 75' lang='lat' dir='ltr'><strong>jacet,¹</strong></span> <span class='ocrx_word' id='word_1_145' title='bbox 792 2061 829 2118; x_wconf 83' lang='lat' dir='ltr'><strong>sd</strong></span> <span class='ocrx_word' id='word_1_146' title='bbox 855 2060 1006 2117; x_wconf 84' lang='lat' dir='ltr'><strong>meridiem</strong></span> <span class='ocrx_word' id='word_1_147' title='bbox 1035 2069 1177 2134; x_wconf 83' lang='lat' dir='ltr'><strong>spectans.</strong></span> 
     </span>
     <span class='ocr_line' id='line_1_18' title="bbox 84 2133 1179 2218; baseline -0.002 -26"><span class='ocrx_word' id='word_1_148' title='bbox 84 2133 223 2212; x_wconf 86' lang='lat' dir='ltr'><strong>Periplum</strong></span> <span class='ocrx_word' id='word_1_149' title='bbox 247 2142 339 2218; x_wconf 82' lang='lat' dir='ltr'><strong>igitur</strong></span> <span class='ocrx_word' id='word_1_150' title='bbox 365 2139 467 2198; x_wconf 85' lang='lat' dir='ltr'><strong>ordine</strong></span> <span class='ocrx_word' id='word_1_151' title='bbox 499 2159 722 2216; x_wconf 86' lang='lat' dir='ltr'><strong>persequemur,</strong></span> <span class='ocrx_word' id='word_1_152' title='bbox 756 2139 929 2211; x_wconf 86' lang='lat' dir='ltr'><strong>incipientes</strong></span> <span class='ocrx_word' id='word_1_153' title='bbox 958 2136 994 2191; x_wconf 91' lang='lat' dir='ltr'><strong>ab</strong></span> <span class='ocrx_word' id='word_1_154' title='bbox 1020 2135 1179 2210; x_wconf 82' lang='lat' dir='ltr'><strong>Aquitania</strong></span> 
     </span>
     <span class='ocr_line' id='line_1_19' title="bbox 84 2211 1225 2343; baseline -0.004 -75"><span class='ocrx_word' id='word_1_155' title='bbox 84 2211 113 2343; x_wconf 60' lang='grc' dir='ltr'><strong>[ο</strong></span> <span class='ocrx_word' id='word_1_156' title='bbox 129 2214 167 2289; x_wconf 87' lang='lat' dir='ltr'><strong>et]</strong></span> <span class='ocrx_word' id='word_1_157' title='bbox 187 2217 322 2292; x_wconf 72' lang='lat' dir='ltr'><strong>gentibus</strong></span> <span class='ocrx_word' id='word_1_158' title='bbox 345 2215 426 2273; x_wconf 85' lang='lat' dir='ltr'><strong>Celto</strong></span> <span class='ocrx_word' id='word_1_159' title='bbox 449 2217 554 2272; x_wconf 81' lang='lat' dir='ltr'><strong>elatine</strong></span> <span class='ocrx_word' id='word_1_160' title='bbox 574 2234 713 2273; x_wconf 81' lang='lat' dir='ltr'><strong>oceanum</strong></span> <span class='ocrx_word' id='word_1_161' title='bbox 733 2213 992 2290; x_wconf 73' lang='lat' dir='ltr'><strong>septentrionalem</strong></span> <span class='ocrx_word' id='word_1_162' title='bbox 1019 2211 1179 2266; x_wconf 77' lang='lat' dir='ltr'><strong>recolenti·</strong></span> <span class='ocrx_word' id='word_1_163' title='bbox 1221 2225 1225 2234; x_wconf 88' lang='grc'><strong>’</strong></span> 
     </span>
     <span class='ocr_line' id='line_1_20' title="bbox 103 2237 1179 2368; baseline -0.003 -24"><span class='ocrx_word' id='word_1_164' title='bbox 103 2306 140 2346; x_wconf 89' lang='lat' dir='ltr'><strong>us.</strong></span> <span class='ocrx_word' id='word_1_165' title='bbox 163 2289 238 2348; x_wconf 89' lang='lat' dir='ltr'><strong>bunc</strong></span> <span class='ocrx_word' id='word_1_166' title='bbox 258 2293 335 2348; x_wconf 87' lang='lat' dir='ltr'><strong>enim</strong></span> <span class='ocrx_word' id='word_1_167' title='bbox 354 2237 497 2368; x_wconf 72' lang='lat' dir='ltr'><strong>periplum</strong></span> <span class='ocrx_word' id='word_1_168' title='bbox 515 2291 694 2367; x_wconf 85' lang='lat' dir='ltr'><strong>perscribere</strong></span> <span class='ocrx_word' id='word_1_169' title='bbox 715 2289 840 2364; x_wconf 88' lang='lat' dir='ltr'><strong>polliciti</strong></span> <span class='ocrx_word' id='word_1_170' title='bbox 859 2305 967 2343; x_wconf 89' lang='lat' dir='ltr'><strong>snmus.</strong></span> <span class='ocrx_word' id='word_1_171' title='bbox 1007 2284 1082 2341; x_wconf 89' lang='lat' dir='ltr'><strong>Nam</strong></span> <span class='ocrx_word' id='word_1_172' title='bbox 1101 2286 1179 2361; x_wconf 92' lang='lat' dir='ltr'><strong>peri-</strong></span> 
     </span>
     <span class='ocr_line' id='line_1_21' title="bbox 85 2361 1179 2444; baseline -0.002 -24"><span class='ocrx_word' id='word_1_173' title='bbox 85 2365 156 2439; x_wconf 89' lang='lat' dir='ltr'><strong>plum</strong></span> <span class='ocrx_word' id='word_1_174' title='bbox 173 2365 371 2426; x_wconf 88' lang='lat' dir='ltr'><strong>Narbonensis</strong></span> <span class='ocrx_word' id='word_1_175' title='bbox 398 2367 592 2444; x_wconf 85' lang='lat' dir='ltr'><strong>[provinciae]</strong></span> <span class='ocrx_word' id='word_1_176' title='bbox 619 2369 650 2425; x_wconf 92' lang='lat' dir='ltr'><strong>in</strong></span> <span class='ocrx_word' id='word_1_177' title='bbox 674 2367 801 2443; x_wconf 84' lang='lat' dir='ltr'><strong>epitome</strong></span> <span class='ocrx_word' id='word_1_178' title='bbox 821 2361 1024 2440; x_wconf 77' lang='lat' dir='ltr'><strong>Geographiac</strong></span> <span class='ocrx_word' id='word_1_179' title='bbox 1045 2362 1107 2418; x_wconf 84' lang='lat' dir='ltr'><strong>sive</strong></span> <span class='ocrx_word' id='word_1_180' title='bbox 1128 2380 1179 2436; x_wconf 93' lang='lat' dir='ltr'><strong>pc-</strong></span> 
     </span>
    </p>
   </div>
   <div class='ocr_carea' id='block_1_4' title="bbox 84 2550 1234 3174">
    <p class='ocr_par' dir='ltr' id='par_1_6' title="bbox 84 2550 1234 3174">
     <span class='ocr_line' id='line_1_22' title="bbox 84 2550 1179 2639; baseline -0.003 -30"><span class='ocrx_word' id='word_1_181' title='bbox 84 2573 172 2612; x_wconf 88' lang='lat' dir='ltr'><strong>mecus</strong></span> <span class='ocrx_word' id='word_1_182' title='bbox 195 2569 304 2618; x_wconf 86' lang='lat' dir='ltr'><strong>tantum</strong></span> <span class='ocrx_word' id='word_1_183' title='bbox 329 2563 366 2616; x_wconf 91' lang='lat' dir='ltr'><strong>ll.</strong></span> <span class='ocrx_word' id='word_1_184' title='bbox 388 2562 420 2625; x_wconf 72' lang='lat' dir='ltr'><strong>i,</strong></span> <span class='ocrx_word' id='word_1_185' title='bbox 447 2569 477 2616; x_wconf 90' lang='lat' dir='ltr'><strong>et</strong></span> <span class='ocrx_word' id='word_1_186' title='bbox 492 2563 610 2615; x_wconf 86' lang='lat' dir='ltr'><strong>Marcie·</strong></span> <span class='ocrx_word' id='word_1_187' title='bbox 644 2557 780 2627; x_wconf 78' lang='grc' dir='ltr'><strong><em>ἐπαρχίας</em></strong></span> <span class='ocrx_word' id='word_1_188' title='bbox 799 2554 823 2612; x_wconf 81' lang='grc' dir='ltr'><strong>δ’</strong></span> <span class='ocrx_word' id='word_1_189' title='bbox 839 2550 1077 2639; x_wconf 74' lang='grc' dir='ltr'><strong><em>Ἅκυῖτανίμν,ιιαί</em></strong></span> <span class='ocrx_word' id='word_1_190' title='bbox 1092 2556 1179 2622; x_wconf 75' lang='lat' dir='ltr'><strong>Acop-</strong></span> 
     </span>
     <span class='ocr_line' id='line_1_23' title="bbox 85 2623 1234 2764; baseline -0.005 -16"><span class='ocrx_word' id='word_1_191' title='bbox 85 2631 195 2747; x_wconf 62' lang='lat' dir='ltr'><strong>aucep</strong></span> <span class='ocrx_word' id='word_1_192' title='bbox 208 2632 287 2749; x_wconf 61' lang='lat'><strong>”¹⁹5¹</strong></span> <span class='ocrx_word' id='word_1_193' title='bbox 301 2632 612 2752; x_wconf 55' lang='lat' dir='ltr'><strong>it⁸ii⁹i⁵i¹¹=⁵³.⁵¹¹¹¹.i</strong></span> <span class='ocrx_word' id='word_1_194' title='bbox 643 2629 788 2764; x_wconf 62' lang='lat' dir='ltr'><strong>illiti</strong></span> <span class='ocrx_word' id='word_1_195' title='bbox 807 2623 1180 2758; x_wconf 68' lang='lat' dir='ltr'><strong>’‘tlitiitttiitt</strong></span> <span class='ocrx_word' id='word_1_196' title='bbox 1226 2673 1234 2720; x_wconf 77' lang='lat'><strong>&#39;-</strong></span> 
     </span>
     <span class='ocr_line' id='line_1_24' title="bbox 84 2702 1181 2829; baseline -0.007 -13"><span class='ocrx_word' id='word_1_197' title='bbox 84 2702 302 2829; x_wconf 41' lang='lat' dir='ltr'><strong>ldgaesllfcliibr</strong></span> <span class='ocrx_word' id='word_1_198' title='bbox 316 2714 609 2820; x_wconf 46' lang='lat' dir='ltr'><strong>Cebs.Elel²ll¹lepld.</strong></span> <span class='ocrx_word' id='word_1_199' title='bbox 644 2715 750 2815; x_wconf 56' lang='lat' dir='ltr'><strong>stubqin</strong></span> <span class='ocrx_word' id='word_1_200' title='bbox 770 2733 820 2814; x_wconf 70' lang='lat' dir='ltr'><strong>libs</strong></span> <span class='ocrx_word' id='word_1_201' title='bbox 845 2768 969 2828; x_wconf 84' lang='lat' dir='ltr'><strong>quatuor</strong></span> <span class='ocrx_word' id='word_1_202' title='bbox 993 2765 1087 2824; x_wconf 89' lang='lat' dir='ltr'><strong>partes</strong></span> <span class='ocrx_word' id='word_1_203' title='bbox 1111 2758 1181 2808; x_wconf 85' lang='lat' dir='ltr'><strong>divi·</strong></span> 
     </span>
     <span class='ocr_line' id='line_1_25' title="bbox 84 2825 1179 2904; baseline -0.002 -23"><span class='ocrx_word' id='word_1_204' title='bbox 84 2832 193 2886; x_wconf 76' lang='lat' dir='ltr'><strong>Aristot.</strong></span> <span class='ocrx_word' id='word_1_205' title='bbox 220 2835 255 2887; x_wconf 89' lang='lat' dir='ltr'><strong>de</strong></span> <span class='ocrx_word' id='word_1_206' title='bbox 282 2851 379 2904; x_wconf 81' lang='lat' dir='ltr'><strong>gener.</strong></span> <span class='ocrx_word' id='word_1_207' title='bbox 408 2837 490 2888; x_wconf 86' lang='lat' dir='ltr'><strong>enim.</strong></span> <span class='ocrx_word' id='word_1_208' title='bbox 520 2837 555 2888; x_wconf 94' lang='lat' dir='ltr'><strong>ll.</strong></span> <span class='ocrx_word' id='word_1_209' title='bbox 583 2837 609 2887; x_wconf 88' lang='lat'><strong>8.</strong></span> <span class='ocrx_word' id='word_1_210' title='bbox 644 2833 696 2893; x_wconf 86' lang='lat' dir='ltr'><strong>sit,</strong></span> <span class='ocrx_word' id='word_1_211' title='bbox 716 2831 818 2883; x_wconf 85' lang='lat' dir='ltr'><strong>Strabo</strong></span> <span class='ocrx_word' id='word_1_212' title='bbox 836 2830 884 2882; x_wconf 84' lang='lat' dir='ltr'><strong>tv.</strong></span> <span class='ocrx_word' id='word_1_213' title='bbox 904 2843 930 2895; x_wconf 90' lang='lat' dir='ltr'><strong>p.</strong></span> <span class='ocrx_word' id='word_1_214' title='bbox 952 2827 1008 2879; x_wconf 77' lang='lat' dir='ltr'><strong>itt.</strong></span> <span class='ocrx_word' id='word_1_215' title='bbox 1029 2827 1083 2877; x_wconf 89' lang='lat' dir='ltr'><strong>Dio</strong></span> <span class='ocrx_word' id='word_1_216' title='bbox 1102 2825 1179 2880; x_wconf 86' lang='lat' dir='ltr'><strong>Cass.</strong></span> 
     </span>
     <span class='ocr_line' id='line_1_26' title="bbox 85 2895 1219 2970; baseline 0 -21"><span class='ocrx_word' id='word_1_217' title='bbox 85 2898 177 2966; x_wconf 80' lang='lat' dir='ltr'><strong>Polyb.</strong></span> <span class='ocrx_word' id='word_1_218' title='bbox 196 2903 244 2956; x_wconf 93' lang='lat' dir='ltr'><strong>lll.</strong></span> <span class='ocrx_word' id='word_1_219' title='bbox 264 2903 306 2956; x_wconf 77' lang='lat'><strong>39.</strong></span> <span class='ocrx_word' id='word_1_220' title='bbox 327 2903 428 2956; x_wconf 85' lang='lat' dir='ltr'><strong>Strabo</strong></span> <span class='ocrx_word' id='word_1_221' title='bbox 450 2905 484 2954; x_wconf 91' lang='lat' dir='ltr'><strong>ll.</strong></span> <span class='ocrx_word' id='word_1_222' title='bbox 503 2919 530 2970; x_wconf 91' lang='lat' dir='ltr'><strong>p.</strong></span> <span class='ocrx_word' id='word_1_223' title='bbox 552 2904 607 2954; x_wconf 80' lang='grc'>128.</span> <span class='ocrx_word' id='word_1_224' title='bbox 643 2899 789 2953; x_wconf 83' lang='lat' dir='ltr'><strong>xxxvii.</strong></span> <span class='ocrx_word' id='word_1_225' title='bbox 813 2899 855 2950; x_wconf 79' lang='lat' dir='ltr'><strong>et.</strong></span> <span class='ocrx_word' id='word_1_226' title='bbox 882 2895 984 2948; x_wconf 60' lang='lat' dir='ltr'><strong>Xlrvl.</strong></span> <span class='ocrx_word' id='word_1_227' title='bbox 1008 2895 1050 2948; x_wconf 78' lang='lat'><strong>55.</strong></span> <span class='ocrx_word' id='word_1_228' title='bbox 1076 2896 1181 2947; x_wconf 85' lang='lat' dir='ltr'><strong>Caesar</strong></span> <span class='ocrx_word' id='word_1_229' title='bbox 1217 2944 1219 2949; x_wconf 89' lang='lat'><strong>.</strong></span> 
     </span>
     <span class='ocr_line' id='line_1_27' title="bbox 86 2962 1181 3039; baseline -0.002 -23"><span class='ocrx_word' id='word_1_230' title='bbox 86 2965 140 3022; x_wconf 74' lang='lat'><strong>148.</strong></span> <span class='ocrx_word' id='word_1_231' title='bbox 165 2971 212 3024; x_wconf 92' lang='lat' dir='ltr'><strong>lV.</strong></span> <span class='ocrx_word' id='word_1_232' title='bbox 240 2987 265 3039; x_wconf 93' lang='lat' dir='ltr'><strong>p.</strong></span> <span class='ocrx_word' id='word_1_233' title='bbox 286 2973 334 3023; x_wconf 84' lang='grc'><strong>189</strong></span> <span class='ocrx_word' id='word_1_234' title='bbox 359 2971 396 3023; x_wconf 88' lang='lat' dir='ltr'><strong>al.</strong></span> <span class='ocrx_word' id='word_1_235' title='bbox 429 2973 485 3023; x_wconf 79' lang='lat' dir='ltr'><strong>Alii</strong></span> <span class='ocrx_word' id='word_1_236' title='bbox 511 2973 610 3023; x_wconf 86' lang='lat' dir='ltr'><strong>dieunt</strong></span> <span class='ocrx_word' id='word_1_237' title='bbox 644 2969 823 3021; x_wconf 83' lang='lat' dir='ltr'><strong>Provinciam</strong></span> <span class='ocrx_word' id='word_1_238' title='bbox 856 2964 978 3017; x_wconf 82' lang='lat' dir='ltr'><strong>Galliam</strong></span> <span class='ocrx_word' id='word_1_239' title='bbox 1016 2964 1050 3014; x_wconf 87' lang='lat' dir='ltr'><strong>ub</strong></span> <span class='ocrx_word' id='word_1_240' title='bbox 1086 2962 1181 3014; x_wconf 85' lang='lat' dir='ltr'><strong>Gallie</strong></span> 
     </span>
     <span class='ocr_line' id='line_1_28' title="bbox 86 3031 1180 3107; baseline -0.004 -19"><span class='ocrx_word' id='word_1_241' title='bbox 86 3038 213 3102; x_wconf 85' lang='grc' dir='ltr'><strong><em>Γαλατία,</em></strong></span> <span class='ocrx_word' id='word_1_242' title='bbox 232 3046 261 3092; x_wconf 90' lang='lat' dir='ltr'><strong>et</strong></span> <span class='ocrx_word' id='word_1_243' title='bbox 280 3040 391 3107; x_wconf 87' lang='lat' dir='ltr'><strong>quidem</strong></span> <span class='ocrx_word' id='word_1_244' title='bbox 409 3039 475 3092; x_wconf 88' lang='lat' dir='ltr'><strong>inde</strong></span> <span class='ocrx_word' id='word_1_245' title='bbox 494 3047 611 3091; x_wconf 90' lang='lat' dir='ltr'><strong>extem·</strong></span> <span class='ocrx_word' id='word_1_246' title='bbox 644 3037 760 3105; x_wconf 83' lang='lat' dir='ltr'><strong>proprie</strong></span> <span class='ocrx_word' id='word_1_247' title='bbox 778 3034 909 3086; x_wconf 87' lang='lat' dir='ltr'><strong>seiunxit.</strong></span> <span class='ocrx_word' id='word_1_248' title='bbox 945 3031 1026 3085; x_wconf 83' lang='lat' dir='ltr'><strong>Cotti.</strong></span> <span class='ocrx_word' id='word_1_249' title='bbox 1054 3047 1118 3084; x_wconf 85' lang='lat' dir='ltr'><strong>eunt</strong></span> <span class='ocrx_word' id='word_1_250' title='bbox 1145 3031 1180 3084; x_wconf 90' lang='lat' dir='ltr'><strong>de</strong></span> 
     </span>
     <span class='ocr_line' id='line_1_29' title="bbox 85 3099 1182 3174; baseline -0.003 -19"><span class='ocrx_word' id='word_1_251' title='bbox 85 3117 157 3170; x_wconf 86' lang='lat' dir='ltr'><strong>pore,</strong></span> <span class='ocrx_word' id='word_1_252' title='bbox 194 3122 231 3159; x_wconf 90' lang='lat' dir='ltr'><strong>uo</strong></span> <span class='ocrx_word' id='word_1_253' title='bbox 245 3109 376 3160; x_wconf 82' lang='lat' dir='ltr'><strong>Timaeus</strong></span> <span class='ocrx_word' id='word_1_254' title='bbox 393 3108 516 3174; x_wconf 83' lang='lat' dir='ltr'><strong>scripsit,</strong></span> <span class='ocrx_word' id='word_1_255' title='bbox 534 3105 609 3160; x_wconf 83' lang='lat' dir='ltr'><strong>coni.</strong></span> <span class='ocrx_word' id='word_1_256' title='bbox 644 3106 721 3158; x_wconf 91' lang='lat' dir='ltr'><strong>bello</strong></span> <span class='ocrx_word' id='word_1_257' title='bbox 739 3104 806 3173; x_wconf 85' lang='lat' dir='ltr'><strong>gall.</strong></span> <span class='ocrx_word' id='word_1_258' title='bbox 827 3103 848 3156; x_wconf 86' lang='lat' dir='ltr'><strong>l.</strong></span> <span class='ocrx_word' id='word_1_259' title='bbox 867 3104 905 3154; x_wconf 80' lang='lat' dir='ltr'><strong>tt.</strong></span> <span class='ocrx_word' id='word_1_260' title='bbox 921 3099 963 3153; x_wconf 79' lang='lat'><strong>33.</strong></span> <span class='ocrx_word' id='word_1_261' title='bbox 987 3101 1046 3152; x_wconf 91' lang='lat' dir='ltr'><strong>Vll.</strong></span> <span class='ocrx_word' id='word_1_262' title='bbox 1060 3100 1109 3164; x_wconf 73' lang='lat'><strong>663</strong></span> <span class='ocrx_word' id='word_1_263' title='bbox 1128 3099 1182 3152; x_wconf 78' lang='lat' dir='ltr'><strong>ita·</strong></span> 
     </span>
    </p>
   </div>
   <div class='ocr_carea' id='block_1_5' title="bbox 85 3169 1281 3242">
    <p class='ocr_par' dir='ltr' id='par_1_7' title="bbox 85 3169 1281 3242">
     <span class='ocr_line' id='line_1_30' title="bbox 85 3169 1281 3242; baseline -0.003 -19"><span class='ocrx_word' id='word_1_264' title='bbox 85 3173 182 3240; x_wconf 86' lang='lat' dir='ltr'><strong>Etymo</strong></span> <span class='ocrx_word' id='word_1_265' title='bbox 216 3176 489 3239; x_wconf 80' lang='grc' dir='ltr'><strong><em>Μ.ο.ν.Γαλατία;</em></strong></span> <span class='ocrx_word' id='word_1_266' title='bbox 509 3176 611 3228; x_wconf 91' lang='lat' dir='ltr'><strong>deinde</strong></span> <span class='ocrx_word' id='word_1_267' title='bbox 645 3188 699 3242; x_wconf 89' lang='lat' dir='ltr'><strong>que</strong></span> <span class='ocrx_word' id='word_1_268' title='bbox 718 3173 788 3224; x_wconf 86' lang='lat' dir='ltr'><strong>dicit</strong></span> <span class='ocrx_word' id='word_1_269' title='bbox 811 3173 833 3224; x_wconf 96' lang='lat' dir='ltr'><strong>l.</strong></span> <span class='ocrx_word' id='word_1_270' title='bbox 857 3172 887 3221; x_wconf 85' lang='lat' dir='ltr'><strong>l:</strong></span> <span class='ocrx_word' id='word_1_271' title='bbox 910 3169 1004 3220; x_wconf 85' lang='lat' dir='ltr'><strong>Gellia</strong></span> <span class='ocrx_word' id='word_1_272' title='bbox 1028 3176 1074 3221; x_wconf 88' lang='lat' dir='ltr'><strong>est</strong></span> <span class='ocrx_word' id='word_1_273' title='bbox 1091 3169 1182 3221; x_wconf 87' lang='lat' dir='ltr'><strong>omnis</strong></span> <span class='ocrx_word' id='word_1_274' title='bbox 1277 3211 1281 3220; x_wconf 92' lang='lat'><strong>.</strong></span> 
     </span>
    </p>
   </div>
   <div class='ocr_carea' id='block_1_6' title="bbox 85 3242 1235 4262">
    <p class='ocr_par' dir='ltr' id='par_1_8' title="bbox 85 3242 1235 4262">
     <span class='ocr_line' id='line_1_31' title="bbox 87 3242 1182 3312; baseline -0.007 -18"><span class='ocrx_word' id='word_1_275' title='bbox 87 3243 213 3304; x_wconf 88' lang='grc' dir='ltr'><strong><em>Γαλλίαι,</em></strong></span> <span class='ocrx_word' id='word_1_276' title='bbox 240 3242 312 3298; x_wconf 84' lang='lat' dir='ltr'><strong>conl.</strong></span> <span class='ocrx_word' id='word_1_277' title='bbox 332 3243 511 3312; x_wconf 78' lang='lat' dir='ltr'><strong>Agathemer.</strong></span> <span class='ocrx_word' id='word_1_278' title='bbox 531 3246 565 3297; x_wconf 93' lang='lat' dir='ltr'><strong>ll.</strong></span> <span class='ocrx_word' id='word_1_279' title='bbox 584 3246 611 3296; x_wconf 78' lang='lat'><strong>4.</strong></span> <span class='ocrx_word' id='word_1_280' title='bbox 647 3243 739 3294; x_wconf 82' lang='lat' dir='ltr'><strong>divise</strong></span> <span class='ocrx_word' id='word_1_281' title='bbox 771 3242 801 3292; x_wconf 89' lang='lat' dir='ltr'><strong>in</strong></span> <span class='ocrx_word' id='word_1_282' title='bbox 833 3245 928 3306; x_wconf 82' lang='lat' dir='ltr'><strong>partes</strong></span> <span class='ocrx_word' id='word_1_283' title='bbox 958 3244 1029 3288; x_wconf 82' lang='lat' dir='ltr'><strong>tres:</strong></span> <span class='ocrx_word' id='word_1_284' title='bbox 1065 3252 1182 3304; x_wconf 84' lang='lat' dir='ltr'><strong>querum</strong></span> 
     </span>
     <span class='ocr_line' id='line_1_32' title="bbox 86 3303 1181 3384; baseline -0.004 -24"><span class='ocrx_word' id='word_1_285' title='bbox 86 3307 171 3365; x_wconf 85' lang='lat' dir='ltr'><strong>Paris.</strong></span> <span class='ocrx_word' id='word_1_286' title='bbox 186 3313 208 3366; x_wconf 88' lang='lat' dir='ltr'><strong>l.</strong></span> <span class='ocrx_word' id='word_1_287' title='bbox 222 3313 247 3366; x_wconf 80' lang='lat'><strong>3.</strong></span> <span class='ocrx_word' id='word_1_288' title='bbox 266 3315 383 3380; x_wconf 82' lang='lat' dir='ltr'><strong>Appien.</strong></span> <span class='ocrx_word' id='word_1_289' title='bbox 402 3312 438 3364; x_wconf 93' lang='lat' dir='ltr'><strong>de</strong></span> <span class='ocrx_word' id='word_1_290' title='bbox 457 3314 517 3365; x_wconf 87' lang='lat' dir='ltr'><strong>reb.</strong></span> <span class='ocrx_word' id='word_1_291' title='bbox 532 3313 611 3378; x_wconf 89' lang='lat' dir='ltr'><strong>illyr.</strong></span> <span class='ocrx_word' id='word_1_292' title='bbox 647 3325 731 3362; x_wconf 84' lang='lat' dir='ltr'><strong>unam</strong></span> <span class='ocrx_word' id='word_1_293' title='bbox 755 3307 883 3360; x_wconf 88' lang='lat' dir='ltr'><strong>incolunt</strong></span> <span class='ocrx_word' id='word_1_294' title='bbox 907 3304 1068 3384; x_wconf 70' lang='lat' dir='ltr'><strong>Belgae,</strong></span> <span class='ocrx_word' id='word_1_295' title='bbox 1094 3303 1181 3384; x_wconf 72' lang='lat' dir='ltr'><strong>aliam</strong></span> 
     </span>
     <span class='ocr_line' id='line_1_33' title="bbox 85 3376 1181 3449; baseline -0.005 -21"><span class='ocrx_word' id='word_1_296' title='bbox 85 3379 107 3431; x_wconf 77' lang='grc' dir='ltr'><strong>λ.</strong></span> <span class='ocrx_word' id='word_1_297' title='bbox 125 3379 266 3434; x_wconf 88' lang='lat' dir='ltr'><strong>al.-De</strong></span> <span class='ocrx_word' id='word_1_298' title='bbox 283 3382 389 3448; x_wconf 91' lang='lat' dir='ltr'><strong>populo</strong></span> <span class='ocrx_word' id='word_1_299' title='bbox 403 3377 613 3449; x_wconf 81' lang='grc' dir='ltr'><strong><em>Κελτοχαλοίται</em></strong></span> <span class='ocrx_word' id='word_1_300' title='bbox 647 3376 842 3445; x_wconf 80' lang='lat' dir='ltr'><strong>Aquitani,</strong></span> <span class='ocrx_word' id='word_1_301' title='bbox 868 3379 1000 3434; x_wconf 88' lang='lat' dir='ltr'><strong>tertrem,</strong></span> <span class='ocrx_word' id='word_1_302' title='bbox 1035 3377 1081 3440; x_wconf 91' lang='lat' dir='ltr'><strong>qui</strong></span> <span class='ocrx_word' id='word_1_303' title='bbox 1107 3386 1181 3438; x_wconf 83' lang='lat' dir='ltr'><strong>ipso·</strong></span> 
     </span>
     <span class='ocr_line' id='line_1_34' title="bbox 87 3440 1183 3516; baseline -0.006 -17"><span class='ocrx_word' id='word_1_304' title='bbox 87 3449 609 3516; x_wconf 75' lang='lat' dir='ltr'><strong>eoni.liusteth.edDionysPerieg.</strong></span> <span class='ocrx_word' id='word_1_305' title='bbox 645 3462 706 3498; x_wconf 89' lang='lat' dir='ltr'><strong>rum</strong></span> <span class='ocrx_word' id='word_1_306' title='bbox 751 3446 850 3512; x_wconf 84' lang='lat' dir='ltr'><strong>lingue</strong></span> <span class='ocrx_word' id='word_1_307' title='bbox 886 3440 1032 3503; x_wconf 82' lang='lat' dir='ltr'><strong>celtae,</strong></span> <span class='ocrx_word' id='word_1_308' title='bbox 1084 3445 1183 3492; x_wconf 82' lang='lat' dir='ltr'><strong>nostm</strong></span> 
     </span>
     <span class='ocr_line' id='line_1_35' title="bbox 86 3511 960 3578; baseline -0.005 -12"><span class='ocrx_word' id='word_1_309' title='bbox 86 3516 122 3570; x_wconf 81' lang='lat' dir='ltr'><strong>tt.</strong></span> <span class='ocrx_word' id='word_1_310' title='bbox 158 3517 274 3572; x_wconf 85' lang='lat' dir='ltr'><strong>Sueten.</strong></span> <span class='ocrx_word' id='word_1_311' title='bbox 308 3520 386 3570; x_wconf 80' lang='lat' dir='ltr'><strong>cneo.</strong></span> <span class='ocrx_word' id='word_1_312' title='bbox 421 3519 469 3568; x_wconf 78' lang='lat'><strong>25:</strong></span> <span class='ocrx_word' id='word_1_313' title='bbox 514 3519 612 3570; x_wconf 86' lang='lat' dir='ltr'><strong>Omnia</strong></span> <span class='ocrx_word' id='word_1_314' title='bbox 647 3511 960 3578; x_wconf 83' lang='lat' dir='ltr'><strong>Gelliappellantur.</strong></span> 
     </span>
     <span class='ocr_line' id='line_1_36' title="bbox 88 3572 1181 3655; baseline -0.008 -20"><span class='ocrx_word' id='word_1_315' title='bbox 88 3581 193 3648; x_wconf 80' lang='lat' dir='ltr'><strong>Gellia,</strong></span> <span class='ocrx_word' id='word_1_316' title='bbox 211 3601 285 3655; x_wconf 84' lang='lat' dir='ltr'><strong>quae</strong></span> <span class='ocrx_word' id='word_1_317' title='bbox 303 3585 383 3638; x_wconf 80' lang='lat' dir='ltr'><strong>Saltu</strong></span> <span class='ocrx_word' id='word_1_318' title='bbox 401 3586 556 3652; x_wconf 45' lang='lat' dir='ltr'><strong>Pyrenaeo*</strong></span> <span class='ocrx_word' id='word_1_319' title='bbox 567 3586 612 3637; x_wconf 82' lang='lat' dir='ltr'><strong>Al·</strong></span> <span class='ocrx_word' id='word_1_320' title='bbox 680 3583 707 3643; x_wconf 79' lang='grc'><strong>3)</strong></span> <span class='ocrx_word' id='word_1_321' title='bbox 722 3575 894 3642; x_wconf 62' lang='lat' dir='ltr'><strong>{lusitanice</strong></span> <span class='ocrx_word' id='word_1_322' title='bbox 908 3575 981 3646; x_wconf 88' lang='lat' dir='ltr'><strong>apud</strong></span> <span class='ocrx_word' id='word_1_323' title='bbox 997 3572 1181 3655; x_wconf 76' lang='lat' dir='ltr'><strong>Ptollluds.</strong></span> 
     </span>
     <span class='ocr_line' id='line_1_37' title="bbox 86 3645 1163 3768; baseline -0.01 -65"><span class='ocrx_word' id='word_1_324' title='bbox 86 3653 216 3723; x_wconf 87' lang='lat' dir='ltr'><strong>pibusque</strong></span> <span class='ocrx_word' id='word_1_325' title='bbox 236 3662 265 3708; x_wconf 89' lang='lat' dir='ltr'><strong>et</strong></span> <span class='ocrx_word' id='word_1_326' title='bbox 282 3656 381 3707; x_wconf 85' lang='lat' dir='ltr'><strong>Monte</strong></span> <span class='ocrx_word' id='word_1_327' title='bbox 400 3653 544 3716; x_wconf 81' lang='lat' dir='ltr'><strong>Gebenna,</strong></span> <span class='ocrx_word' id='word_1_328' title='bbox 563 3653 612 3706; x_wconf 87' lang='lat' dir='ltr'><strong>llu-</strong></span> <span class='ocrx_word' id='word_1_329' title='bbox 679 3653 708 3712; x_wconf 81' lang='grc'><strong>4)</strong></span> <span class='ocrx_word' id='word_1_330' title='bbox 729 3649 878 3768; x_wconf 63' lang='grc' dir='ltr'><strong><em>αίπαρχίαι</em></strong></span> <span class='ocrx_word' id='word_1_331' title='bbox 896 3647 963 3700; x_wconf 80' lang='lat' dir='ltr'><strong>eod.</strong></span> <span class='ocrx_word' id='word_1_332' title='bbox 983 3645 1071 3728; x_wconf 54' lang='lat' dir='ltr'><strong>ioris.</strong></span> <span class='ocrx_word' id='word_1_333' title='bbox 1133 3709 1163 3723; x_wconf 95' lang='lat'><strong>..</strong></span> 
     </span>
     <span class='ocr_line' id='line_1_38' title="bbox 87 3715 1235 3792; baseline -0.01 -20"><span class='ocrx_word' id='word_1_334' title='bbox 87 3722 258 3791; x_wconf 85' lang='lat' dir='ltr'><strong>minibnsqne</strong></span> <span class='ocrx_word' id='word_1_335' title='bbox 288 3722 385 3776; x_wconf 83' lang='lat' dir='ltr'><strong>Rheno</strong></span> <span class='ocrx_word' id='word_1_336' title='bbox 415 3730 444 3776; x_wconf 91' lang='lat' dir='ltr'><strong>et</strong></span> <span class='ocrx_word' id='word_1_337' title='bbox 474 3722 623 3778; x_wconf 80' lang='lat' dir='ltr'><strong>Rhodano·</strong></span> <span class='ocrx_word' id='word_1_338' title='bbox 656 3721 707 3781; x_wconf 82' lang='lat'><strong>-5)</strong></span> <span class='ocrx_word' id='word_1_339' title='bbox 742 3720 785 3770; x_wconf 84' lang='lat' dir='ltr'><strong>Ex</strong></span> <span class='ocrx_word' id='word_1_340' title='bbox 838 3733 872 3768; x_wconf 88' lang='lat' dir='ltr'><strong>ec</strong></span> <span class='ocrx_word' id='word_1_341' title='bbox 905 3715 1044 3766; x_wconf 87' lang='lat' dir='ltr'><strong>Marcram</strong></span> <span class='ocrx_word' id='word_1_342' title='bbox 1081 3715 1184 3792; x_wconf 61' lang='lat' dir='ltr'><strong>notitia</strong></span> <span class='ocrx_word' id='word_1_343' title='bbox 1232 3779 1235 3790; x_wconf 43' lang='lat'><strong>,</strong></span> 
     </span>
     <span class='ocr_line' id='line_1_39' title="bbox 86 3781 1182 3859; baseline -0.009 -20"><span class='ocrx_word' id='word_1_344' title='bbox 86 3793 241 3844; x_wconf 86' lang='lat' dir='ltr'><strong>continetur</strong></span> <span class='ocrx_word' id='word_1_345' title='bbox 267 3799 347 3859; x_wconf 86' lang='lat' dir='ltr'><strong>petet</strong></span> <span class='ocrx_word' id='word_1_346' title='bbox 371 3793 400 3842; x_wconf 92' lang='lat' dir='ltr'><strong>in</strong></span> <span class='ocrx_word' id='word_1_347' title='bbox 430 3793 551 3844; x_wconf 91' lang='lat' dir='ltr'><strong>circuitu</strong></span> <span class='ocrx_word' id='word_1_348' title='bbox 575 3790 613 3843; x_wconf 83' lang='lat' dir='ltr'><strong>ed</strong></span> <span class='ocrx_word' id='word_1_349' title='bbox 648 3791 863 3856; x_wconf 87' lang='lat' dir='ltr'><strong>cognoscimus,</strong></span> <span class='ocrx_word' id='word_1_350' title='bbox 894 3781 1035 3852; x_wconf 92' lang='lat' dir='ltr'><strong>quomodo</strong></span> <span class='ocrx_word' id='word_1_351' title='bbox 1063 3781 1182 3832; x_wconf 80' lang='lat' dir='ltr'><strong>Artemi·</strong></span> 
     </span>
     <span class='ocr_line' id='line_1_40' title="bbox 87 3849 1184 3927; baseline -0.01 -19"><span class='ocrx_word' id='word_1_352' title='bbox 87 3857 125 3910; x_wconf 89' lang='lat' dir='ltr'><strong>bis</strong></span> <span class='ocrx_word' id='word_1_353' title='bbox 143 3867 173 3912; x_wconf 88' lang='lat' dir='ltr'><strong>et</strong></span> <span class='ocrx_word' id='word_1_354' title='bbox 190 3862 289 3914; x_wconf 86' lang='lat' dir='ltr'><strong>tricies</strong></span> <span class='ocrx_word' id='word_1_355' title='bbox 308 3864 428 3914; x_wconf 80' lang='lat' dir='ltr'><strong>centeno</strong></span> <span class='ocrx_word' id='word_1_356' title='bbox 445 3861 535 3912; x_wconf 90' lang='lat' dir='ltr'><strong>millia</strong></span> <span class='ocrx_word' id='word_1_357' title='bbox 552 3874 614 3927; x_wconf 87' lang='lat' dir='ltr'><strong>pas·</strong></span> <span class='ocrx_word' id='word_1_358' title='bbox 650 3857 712 3908; x_wconf 91' lang='lat' dir='ltr'><strong>dori</strong></span> <span class='ocrx_word' id='word_1_359' title='bbox 731 3856 868 3924; x_wconf 83' lang='lat' dir='ltr'><strong>periplupr</strong></span> <span class='ocrx_word' id='word_1_360' title='bbox 884 3852 972 3904; x_wconf 88' lang='lat' dir='ltr'><strong>meris</strong></span> <span class='ocrx_word' id='word_1_361' title='bbox 995 3849 1085 3900; x_wconf 85' lang='lat' dir='ltr'><strong>nostri</strong></span> <span class='ocrx_word' id='word_1_362' title='bbox 1110 3863 1184 3899; x_wconf 91' lang='lat' dir='ltr'><strong>com·</strong></span> 
     </span>
     <span class='ocr_line' id='line_1_41' title="bbox 85 3917 1184 3992; baseline -0.007 -16"><span class='ocrx_word' id='word_1_363' title='bbox 85 3941 168 3982; x_wconf 86' lang='lat' dir='ltr'><strong>suum.</strong></span> <span class='ocrx_word' id='word_1_364' title='bbox 651 3925 753 3992; x_wconf 91' lang='lat' dir='ltr'><strong>posuit.</strong></span> <span class='ocrx_word' id='word_1_365' title='bbox 802 3919 975 3978; x_wconf 82' lang='lat' dir='ltr'><strong>Artemidori</strong></span> <span class='ocrx_word' id='word_1_366' title='bbox 1009 3923 1094 3984; x_wconf 87' lang='lat' dir='ltr'><strong>etque</strong></span> <span class='ocrx_word' id='word_1_367' title='bbox 1125 3917 1184 3968; x_wconf 88' lang='lat' dir='ltr'><strong>Me·</strong></span> 
     </span>
     <span class='ocr_line' id='line_1_42' title="bbox 117 3986 1182 4078; baseline -0.012 -32"><span class='ocrx_word' id='word_1_368' title='bbox 117 3995 147 4063; x_wconf 81' lang='lat'><strong>2)</strong></span> <span class='ocrx_word' id='word_1_369' title='bbox 172 3996 216 4049; x_wconf 88' lang='lat' dir='ltr'><strong>De</strong></span> <span class='ocrx_word' id='word_1_370' title='bbox 243 3995 381 4050; x_wconf 85' lang='lat' dir='ltr'><strong>divisione</strong></span> <span class='ocrx_word' id='word_1_371' title='bbox 409 3995 616 4078; x_wconf 69' lang='lat' dir='ltr'><strong>celtogaletiee</strong></span> <span class='ocrx_word' id='word_1_372' title='bbox 650 3995 726 4061; x_wconf 91' lang='lat' dir='ltr'><strong>nippi</strong></span> <span class='ocrx_word' id='word_1_373' title='bbox 753 3992 922 4060; x_wconf 85' lang='lat' dir='ltr'><strong>periplorum</strong></span> <span class='ocrx_word' id='word_1_374' title='bbox 950 3986 1093 4053; x_wconf 81' lang='lat' dir='ltr'><strong>epitomae</strong></span> <span class='ocrx_word' id='word_1_375' title='bbox 1119 3999 1182 4037; x_wconf 90' lang='lat' dir='ltr'><strong>cum</strong></span> 
     </span>
     <span class='ocr_line' id='line_1_43' title="bbox 89 4061 1184 4135; baseline -0.012 -19"><span class='ocrx_word' id='word_1_376' title='bbox 89 4065 266 4132; x_wconf 77' lang='lat' dir='ltr'><strong>quadruplicc</strong></span> <span class='ocrx_word' id='word_1_377' title='bbox 291 4066 457 4119; x_wconf 85' lang='lat' dir='ltr'><strong>Marcianus</strong></span> <span class='ocrx_word' id='word_1_378' title='bbox 481 4063 554 4116; x_wconf 90' lang='lat' dir='ltr'><strong>mhil</strong></span> <span class='ocrx_word' id='word_1_379' title='bbox 581 4064 616 4116; x_wconf 90' lang='lat' dir='ltr'><strong>de</strong></span> <span class='ocrx_word' id='word_1_380' title='bbox 650 4077 701 4114; x_wconf 89' lang='lat' dir='ltr'><strong>suo</strong></span> <span class='ocrx_word' id='word_1_381' title='bbox 727 4061 818 4129; x_wconf 86' lang='lat' dir='ltr'><strong>ipsius</strong></span> <span class='ocrx_word' id='word_1_382' title='bbox 849 4071 934 4124; x_wconf 88' lang='lat' dir='ltr'><strong>opere</strong></span> <span class='ocrx_word' id='word_1_383' title='bbox 965 4066 1184 4135; x_wconf 37' lang='lat' dir='ltr'><strong>unum-corpus</strong></span> 
     </span>
     <span class='ocr_line' id='line_1_44' title="bbox 89 4121 1182 4204; baseline -0.009 -24"><span class='ocrx_word' id='word_1_384' title='bbox 89 4145 131 4184; x_wconf 87' lang='lat' dir='ltr'><strong>sno</strong></span> <span class='ocrx_word' id='word_1_385' title='bbox 157 4133 253 4195; x_wconf 88' lang='lat' dir='ltr'><strong>dedit,</strong></span> <span class='ocrx_word' id='word_1_386' title='bbox 278 4135 329 4186; x_wconf 83' lang='lat' dir='ltr'><strong>ted</strong></span> <span class='ocrx_word' id='word_1_387' title='bbox 348 4134 504 4188; x_wconf 87' lang='lat' dir='ltr'><strong>Ptolemaei</strong></span> <span class='ocrx_word' id='word_1_388' title='bbox 528 4133 617 4185; x_wconf 84' lang='lat' dir='ltr'><strong>verba</strong></span> <span class='ocrx_word' id='word_1_389' title='bbox 649 4128 875 4200; x_wconf 83' lang='lat' dir='ltr'><strong>geographicum</strong></span> <span class='ocrx_word' id='word_1_390' title='bbox 894 4123 1025 4176; x_wconf 83' lang='lat' dir='ltr'><strong>effecisse</strong></span> <span class='ocrx_word' id='word_1_391' title='bbox 1042 4121 1182 4204; x_wconf 63' lang='lat' dir='ltr'><strong>pedentur.</strong></span> 
     </span>
     <span class='ocr_line' id='line_1_45' title="bbox 89 4191 1183 4262; baseline -0.012 -12"><span class='ocrx_word' id='word_1_392' title='bbox 89 4195 138 4255; x_wconf 81' lang='lat' dir='ltr'><strong>fere</strong></span> <span class='ocrx_word' id='word_1_393' title='bbox 150 4201 286 4256; x_wconf 87' lang='lat' dir='ltr'><strong>reddidit.</strong></span> <span class='ocrx_word' id='word_1_394' title='bbox 308 4203 385 4256; x_wconf 87' lang='lat' dir='ltr'><strong>ldent</strong></span> <span class='ocrx_word' id='word_1_395' title='bbox 395 4203 445 4256; x_wconf 89' lang='lat' dir='ltr'><strong>lib.</strong></span> <span class='ocrx_word' id='word_1_396' title='bbox 455 4203 517 4256; x_wconf 72' lang='lat' dir='ltr'><strong>lii</strong></span> <span class='ocrx_word' id='word_1_397' title='bbox 530 4203 615 4262; x_wconf 82' lang='lat' dir='ltr'><strong>haee:</strong></span> <span class='ocrx_word' id='word_1_398' title='bbox 650 4195 843 4252; x_wconf 88' lang='lat' dir='ltr'><strong>Narbonensis</strong></span> <span class='ocrx_word' id='word_1_399' title='bbox 864 4200 959 4247; x_wconf 80' lang='lat' dir='ltr'><strong>autem</strong></span> <span class='ocrx_word' id='word_1_400' title='bbox 978 4191 1089 4246; x_wconf 79' lang='lat' dir='ltr'><strong>Galliae</strong></span> <span class='ocrx_word' id='word_1_401' title='bbox 1110 4201 1183 4255; x_wconf 85' lang='lat' dir='ltr'><strong>perr·</strong></span> 
     </span>
    </p>
   </div>
   <div class='ocr_carea' id='block_1_7' title="bbox 88 4260 1184 4396">
    <p class='ocr_par' dir='ltr' id='par_1_9' title="bbox 88 4260 1184 4396">
     <span class='ocr_line' id='line_1_46' title="bbox 88 4260 1184 4396; baseline -0.02 -68"><span class='ocrx_word' id='word_1_402' title='bbox 88 4261 105 4334; x_wconf 73' lang='grc' dir='ltr'><em>ἦ</em></span> <span class='ocrx_word' id='word_1_403' title='bbox 141 4269 353 4396; x_wconf 54' lang='grc' dir='ltr'><strong><em>Κελτοχαλατία</em></strong></span> <span class='ocrx_word' id='word_1_404' title='bbox 403 4267 535 4342; x_wconf 79' lang='grc' dir='ltr'><strong><em>διῄρηται</em></strong></span> <span class='ocrx_word' id='word_1_405' title='bbox 577 4269 617 4334; x_wconf 80' lang='grc' dir='ltr'><strong><em>είς</em></strong></span> <span class='ocrx_word' id='word_1_406' title='bbox 633 4290 636 4296; x_wconf 90' lang='grc'><em>·</em></span> <span class='ocrx_word' id='word_1_407' title='bbox 652 4270 727 4337; x_wconf 89' lang='lat' dir='ltr'><strong>plum</strong></span> <span class='ocrx_word' id='word_1_408' title='bbox 751 4267 781 4318; x_wconf 88' lang='lat' dir='ltr'><strong>in</strong></span> <span class='ocrx_word' id='word_1_409' title='bbox 806 4263 980 4320; x_wconf 78' lang='lat' dir='ltr'><strong>Artemidori</strong></span> <span class='ocrx_word' id='word_1_410' title='bbox 1005 4260 1130 4328; x_wconf 84' lang='lat' dir='ltr'><strong>epitoma</strong></span> <span class='ocrx_word' id='word_1_411' title='bbox 1152 4269 1184 4307; x_wconf 82' lang='lat' dir='ltr'><strong>ee</strong></span> 
     </span>
    </p>
   </div>
   <div class='ocr_carea' id='block_1_8' title="bbox 0 0 1438 4812">
    <p class='ocr_par' dir='ltr' id='par_1_10' title="bbox 0 0 1438 4812">
     <span class='ocr_line' id='line_1_47' title="bbox 0 0 1438 4812; baseline 0 0"><span class='ocrx_word' id='word_1_412' title='bbox 0 0 1438 4812; x_wconf 95' lang='lat' dir='ltr'><strong> </strong></span> 
     </span>
    </p>
   </div>
  </div>
 </body>
</html>
