2872 4814
229 411 291 477 Βῆ
439 404 732 468 ΣΤΑΔΙΑΣΜΟΣ
750 402 859 462 ΗΤΟΙ
879 401 1138 478 narrandas

327 588 547 672 Ἐπᾶνειμι
570 583 786 653 adtendis}
813 582 947 670 sednon
974 586 1034 661 είς
1055 579 1237 650 Μύνδον.

268 793 271 799 .
311 739 383 807 ’And
407 735 598 822 Πανύρμονι
624 739 668 815 είς
690 739 831 819 Μίλητον
853 737 933 802 stud.
956 735 990 802 c!
1033 732 1107 801 ’Λιιύ
1132 735 1165 799 δὲ
1186 739 1242 818 τῆς
1263 739 1339 818 Φαρ-

227 837 413 924 μακούσηςῖ.
441 842 484 918 είς
514 841 658 922 Μίλητον
684 841 766 906 erud.
788 836 841 921 pal
892 834 965 902 Ἀιιὸ
999 834 1140 918 Μιλήτου
1172 837 1216 912 είς
1238 833 1340 918 Σύρον
1403 917 1405 924 Ι

225 943 307 1004 drusi.
330 941 390 1006 c.'³
417 941 459 1004 Οἱ
479 939 616 1016 πάντες*
639 937 703 1004 siud
720 943 904 1022 Τελεμενσοῦ
927 937 982 1010 ἕως
1001 932 1145 1016 Μιλήτου
1168 940 1249 1000 trud.
1273 935 1337 1024 βφῖ

222 1037 296 1105 ’Arm
325 1046 382 1106 τού
404 1038 616 1144 'dissipatum⁵
648 1042 691 1116 είς
717 1037 846 1122 Κύπρον
868 1033 1007 1116 εύύννμα
1035 1035 1133 1116 ἔχοντι
1164 1038 1208 1113 εἰς
1229 1035 1340 1118 Πάφον

327 1270 536 1339 Revertar
565 1295 709 1338 rursus
738 1275 934 1337 rectavin
963 1273 1011 1334 ad
1037 1270 1238 1354 Myndum.

296 1425 321 1482 Α
350 1424 460 1500 Myndo
487 1423 523 1481 ud
551 1425 684 1482 Miletum
718 1423 814 1480 stadia
840 1424 906 1480 300.
950 1423 1199 1480 A·Phurmaeuea
1225 1424 1263 1480 ad
1286 1423 1338 1480 Mi-

136 1481 141 1488 ¹
222 1503 312 1556 letum
337 1502 431 1558 stadia
459 1504 520 1558 120.
567 1501 590 1558 Α
625 1501 727 1558 Mileto
755 1502 786 1556 in
815 1498 934 1556 Samum
963 1499 1059 1557 stadie
1085 1501 1151 1556 300.
1196 1497 1338 1556 Universa

220 1577 315 1632 studia
334 1595 351 1634 a
372 1576 579 1652 Telmessopd
598 1577 730 1634 Miletum
751 1575 845 1632 stadia
863 1575 948 1633 aide.
978 1575 1020 1632 Ab
1053 1577 1213 1632 Acamante
1243 1575 1337 1654 Cypri,

221 1758 281 1805 turn
311 1752 371 1808 fere
395 1764 460 1809 sunt
485 1758 632 1825 octoginta
658 1756 762 1818 stadia,
798 1753 984 1823 Stephanumr
1029 1753 1255 1822 Φαρμακούσοα,
1290 1750 1338 1808 δύο

218 1837 274 1889 quo
292 1825 384 1891 spatie
408 1826 513 1894 oppido
537 1827 650 1894 paulum
673 1825 762 1876 mains
797 1825 876 1892 νῆσοι
904 1824 1023 1892 πλησίον
1055 1825 1225 1944 natando}
1264 1817 1338 1876 Ἔστι

218 1891 250 1942 id
276 1898 334 1954 est,
353 1894 429 1961 quud
447 1911 464 1948 n
483 1892 761 1947 Choiseulic-Guuf-
796 1893 844 1946 καὶ
862 1887 933 1960 ύλλη
951 1889 1022 1960 ύνιὲρ
1039 1889 1189 1960 Μιλήτον,’
1215 1882 1337 1961 νῇ”ιλι·

219 1959 270 2010 tier
288 1961 421 2033 (voyage
438 1964 501 2028 pitt.
521 1970 573 2015 cet.
594 1963 761 2028 p.·178)p0-
796 1963 880 2022 ναλος
900 1955 1036 2032 ἀνῃρέθη.
1075 1956 1115 2014 Τὸ
1134 1955 1252 2014 &venda
1270 1963 1337 2028 Φαρ·

218 2027 761 2165 ria,irruitur‘siritu
795 2023 1337 2166 rrrrrtrdecurritur,

219 2163 349 2216 Miiesias
376 2170 522 2232 praeclare
547 2174 672 2220 tractare
698 2183 760 2218 cue·
795 2173 847 2219 est.
882 2168 924 2219 nd
949 2183 1084 2220 summunt
1115 2168 1241 2218 ducenta
1275 2173 1337 2218 sunt

218 2232 281 2298 pit,)
300 2235 425 2287 Plinium
448 2239 476 2288 in
497 2252 532 2290 eo
553 2251 667 2298 errare,
685 2237 759 2304 qnod
794 2235 889 2288 stadia
907 2251 925 2286 a
942 2231 1044 2288 Mileto
1062 2235 1176 2288 Samum
1199 2236 1305 2288 urbem.

217 2303 353 2369 atempio
372 2306 512 2371 Apollinis
526 2320 616 2373 usque
627 2306 760 2358 Miletum
828 2307 857 2366 4)
876 2303 939 2355 Non
963 2305 1036 2356 alias
1064 2305 1118 2356 nisi
1147 2319 1211 2356 cunr
1236 2305 1336 2355 stadio·

218 2377 331 2422 centum
365 2373 471 2426 dixerit
509 2376 659 2443 octoginta
698 2389 759 2428 esse
795 2387 854 2424 runi
873 2376 945 2424 ratio
972 2379 1103 2441 putatur,
1129 2373 1159 2423 in
1189 2373 1244 2425 hoc
1270 2376 1337 2440 peri-

217 2437 320 2492 stadia.
357 2441 458 2495 Potest
476 2442 599 2496 fortasse
625 2444 667 2494 sic
695 2457 759 2494 cun·
795 2441 842 2508 plu
861 2440 975 2494 στάδιοι
1000 2448 1166 2527 usurpatum
1192 2450 1248 2494 cst.
1284 2441 1336 2492 Nu-

86 2532 92 2544 ·
153 2555 156 2563 „
215 2507 280 2570 iici,
307 2511 441 2562 maiorem
464 2527 607 2565 numerum
626 2511 710 2578 culpa
726 2511 759 2560 li·
794 2525 885 2562 merus
905 2515 997 2564 autem
1024 2511 1072 2580 „du
1105 2509 1221 2561 videtur
1248 2515 1336 2562 rectus

215 2575 378 2630 brarinrurn
405 2582 595 2646 praepositum
620 2595 683 2632 esse
709 2580 758 2631 rni-
794 2593 865 2631 esse.
933 2607 935 2612 ,

217 2645 289 2698 nori.
828 2649 862 2708 5).
874 2647 937 2698 Non
955 2646 1026 2698 dicit
1042 2646 1174 2712 scriptor,
1192 2645 1269 2699 unde
1282 2654 1335 2698 tra·

250 2713 276 2774 1.)
305 2713 522 2776 Procliveest,
548 2715 592 2767 ita
620 2721 756 2774 statuere.
792 2716 895 2770 iecerit
919 2715 948 2766 in
974 2714 1096 2779 cyprum
1126 2715 1264 2777 insulam,
1288 2713 1335 2766 sed

214 2777 392 2851 negligentia
427 2783 539 2835 librarii
573 2781 643 2834 haec
673 2783 759 2848 rerba
794 2791 976 2851 pracceptum
999 2782 1192 2833 Horatianum
1224 2789 1336 2836 secutus

214 2849 259 2900 bis
278 2867 339 2903 esse
353 2851 409 2902 scri
430 2858 459 2902 ta
474 2851 573 2901 additu
591 2860 707 2915 peccato
725 2847 758 2906 τ’,
793 2868 844 2902 nos
871 2853 900 2902 in
932 2867 979 2902 res
1002 2850 1112 2902 inedias
1145 2853 1237 2918 rapit3
1261 2851 1336 2902 inira

214 2917 273 2970 Sed
290 2926 383 2972 tamen
414 2926 524 2972 ortasse
550 2919 636 2972 aliter
661 2920 758 2972 existi·
793 2927 886 2974 tamen
905 2920 1076 2985 accipimus,
1101 2934 1164 2970 eum
1193 2935 1211 2976 a
1235 2921 1336 2986 Carpa-

214 3001 290 3054 mare
323 2987 466 3040 debemus.
521 2987 646 3046 Primum
684 2988 757 3040 enim
791 2989 1128 3054 sia‘inpromentnriunr
1147 2988 1336 3040 transmisisse

215 3053 381 3116 librarium,
403 3058 451 3122 qui
478 3069 532 3105 non
552 3056 637 3108 ius-ile
669 3057 757 3106 ulium
792 3059 980 3110 Anemurium.
1000 3057 1099 3118 Quiris
1121 3057 1333 3120 videtslceese

213 3123 314 3174 vitium
333 3139 388 3174 non
407 3124 535 3183 admisit,
560 3125 589 3175 in
616 3124 690 3191 quud
716 3132 757 3175 ta·
792 3126 949 3178 delendum.
994 3127 1035 3176 De
1066 3128 1218 3178 Acanrante
1242 3134 1334 3178 nutem

144 3223 146 3230 ·
214 3191 250 3242 lis
274 3192 420 3244 incurrere
445 3197 557 3258 potest,
581 3198 674 3246 tamen
701 3207 757 3244 non
792 3195 866 3262 apud
884 3193 1054 3245 Strabonem
1077 3193 1119 3244 sic
1142 3201 1201 3254 est,
1221 3191 1240 3245 l.
1259 3195 1334 3256 xiv,

215 3259 411 3326 deprehendas
436 3262 593 3313 sententies
619 3262 662 3313 bis
688 3262 756 3313 scri·
791 3279 814 3312 r.
835 3262 917 3314 XIV:
937 3257 969 3315 Ὁ
985 3256 1011 3314 ‹i'
1032 3255 1154 3328 Ἀκάμας
1171 3257 1246 3316 ἐστὶν
1263 3257 1335 3331 ἄκρα

213 3331 320 3396 psisse3
346 3329 449 3382 deinde
478 3345 533 3380 ιιοο
561 3331 756 3398 intelligimus,
792 3327 845 3384 δύο
863 3327 1018 3398 μύσιονςί
1033 3324 1251 3398 ονσακαίύλην
1269 3335 1334 3386 πολ

214 3400 281 3466 qnid
300 3399 356 3450 sibi
374 3399 463 3452 velint
480 3401 577 3461 verda,
597 3415 670 3466 quae
689 3407 756 3450 snut
791 3395 850 3468 λὴν,
866 3399 991 3465 κείμενος
1037 3417 1054 3450 ν
1069 3394 1116 3450 ἐπὶ
1130 3400 1187 3452 τοῖν
1201 3395 1334 3468 ἑσπερίων

212 3461 518 3536 ληεονὶμλαεἘιωίνειμι
533 3464 620 3521 πάλιν
638 3463 688 3521 διὰ
706 3463 755 3521 πό·
790 3469 839 3536 τῆς
863 3464 950 3522 ν’σον
983 3469 1091 3534 μεροῖν,
1117 3459 1274 3522 ἀνατείνων
1304 3465 1332 3522 δὲ

213 3555 264 3604 ρον
289 3533 328 3598 είς
350 3532 482 3590 Μύνδον.
525 3537 624 3603 ltaque
658 3536 756 3590 eristi·
790 3531 1011 3602 spissantem,
1031 3531 1171 3604 ἐμμντύτω
1195 3533 1246 3603 μὲν
1263 3531 1334 3602 πρὸς

211 3619 328 3666 mamus,
348 3620 399 3671 pro
418 3599 483 3658 -Απὸ
513 3601 667 3670 Πανόρμου
694 3620 755 3658 esse
791 3607 966 3658 Σελινοῦντα
982 3605 1031 3672 τῆς
1051 3603 1189 3672 Τραχείας
1206 3606 1334 3666 Κιλικίας

168 3676 172 3684 ’
211 3671 389 3727 scribendum
407 3667 476 3726 Ἀπὸ
503 3668 635 3726 Μύνδον.
675 3675 756 3724 Deni—
791 3669 821 3726 ίν
842 3671 977 3740 διύρματι
994 3671 1116 3726 σταδίων
1131 3673 1246 3740 χιλίων·
1265 3668 1334 3740 πρὸς

212 3757 267 3810 que
281 3743 322 3793 ita
346 3743 368 3794 si
393 3742 543 3803 scribitur,
569 3741 654 3792 etium
680 3757 755 3794 men·
781 3741 883 3809 ,Σίδην
909 3738 940 3794 di
966 3742 1015 3808 τῆς
1038 3742 1209 3807 Παμφυλίας
1238 3743 1334 3810 χιλίων

211 3825 277 3861 sura
296 3811 362 3862 CCC
380 3811 537 3864 stadiorum
555 3811 688 3860 convenit
706 3826 756 3862 nec
789 3809 837 3862 ιιαλ
861 3807 1028 3874 ἑξακοσίων·
1059 3803 1131 3878 πρὸς
1163 3807 1194 3864 ui
1218 3812 1332 3866 Χελιδο-

212 3878 316 3930 verber
334 3871 404 3932 ’Λπὸ
430 3875 462 3932 δὲ
486 3880 536 3946 τῆς
553 3874 756 3948 Φαρμανούσης
789 3878 853 3940 νίας
872 3878 970 3946 μιλίων
994 3873 1171 3932 ἐννακοσίων.
1209 3877 1237 3931 Si
1266 3879 1329 3948 quid

211 3948 351 4001 nescimus
368 3961 417 3998 cur
433 3945 487 3999 hoc
502 3949 563 3998 ioco
579 3947 672 4012 pusita
688 3948 755 4000 sint.
789 3947 933 3998 coniicere
963 3947 1031 3998 iicet
1063 3947 1267 4015 (cuiuscunque
1292 3948 1331 4000 rei
1434 4007 1435 4012 Ἰ

209 4019 346 4070 Mensura
366 4011 408 4081 ρκ’
426 4031 493 4067 vera
511 4015 635 4082 putanda
653 4022 705 4069 est.
790 4015 945 4082 probabilis
963 4012 1060 4082 alique
1075 4017 1151 4068 ratio
1166 4015 1251 4068 reddi
1273 4024 1331 4083 pnt-

243 4090 270 4152 2)
290 4083 659 4138 flaecnnnanrmaco
685 4085 754 4136 dici·
790 4091 842 4146 est,
876 4084 905 4134 id
944 4090 1044 4135 nostra
1082 4085 1196 4152 quidem
1227 4085 1330 4138 iudicis

209 4163 266 4210 tur.
309 4152 383 4208 Sunt
414 4158 510 4206 autem
543 4161 661 4221 propter
695 4168 754 4206 eam
789 4151 974 4206 omittendum
1003 4167 1060 4204 non
1084 4159 1145 4216 est}
1172 4159 1203 4207 et
1229 4154 1277 4222 qui
1303 4152 1329 4204 id

211 4229 305 4295 piures
325 4222 459 4285 minores,
478 4236 550 4288 quac
569 4227 598 4274 et
617 4223 696 4290 ipsae
713 4225 756 4274 ite
790 4221 888 4274 ludere
905 4237 967 4274 esse
983 4220 1099 4288 dicunt,
1128 4222 1150 4274 ii
1175 4223 1259 4276 uobis
1287 4239 1330 4290 pa·

209 4299 266 4348 dici
285 4293 426 4346 sciebant.
462 4289 505 4342 De
522 4289 574 4344 illa
591 4288 661 4344 haec
678 4290 753 4359 apud
790 4305 851 4344 rum
869 4290 967 4343 videre
983 4290 1131 4357 ridentur)
1150 4291 1201 4344 sed
1220 4294 1243 4343 si
1265 4290 1328 4359 qnid
1424 4305 1430 4327 ·
