2852 4816
225 377 266 454 'tr
329 407 374 450 nn
396 369 541 450 acaronis
564 401 607 446 an
630 397 761 452 rantra
783 397 942 444 araneum
964 395 1220 442 aanrcnaorrrr.

225 557 308 636 nihil
330 555 429 636 habet
451 568 537 658 qnod
558 571 707 654 accipere
729 587 793 630 non
813 565 997 651 potuerita
1022 562 1224 630 Ptolemaeo.
1266 559 1340 626 Me-

226 674 321 736 minit
343 675 429 736 enim
449 673 576 735 etiam¹
601 665 808 734 Ptolemaeus
829 663 961 728 Insulae
982 664 1172 746 Saxonum,
1205 677 1239 727 et
1260 663 1339 747 gen·

225 775 285 847 tin3
309 786 343 836 et
364 773 478 838 eodem
497 774 561 835 situ
589 786 759 853 utramque
789 768 922 845 statuit,
959 787 1021 851 qno
1050 777 1084 828 et
1108 777 1221 829 notter
1249 762 1337 828 Mar-

225 876 359 942 cianum
395 873 496 939 Plan'e
528 893 606 957 orgo
635 867 718 934 nihil
747 859 968 951 video‚qood
1003 864 1162 932 Marciani
1199 877 1337 929 aetatem

224 971 327 1038 multo
358 973 547 1038 inferiorem
585 979 702 1056 arguat
734 973 842 1031 aetate
869 962 1069 1030 Ptolemaei.'
1117 963 1212 1030 Nilril
1238 964 1336 1052 plane
1362 963 1364 972 ⁴

224 1093 281 1136 orn·
298 1076 414 1157 junior
438 1071 591 1140 credatur
612 1073 708 1135 tertio
731 1065 836 1135 Aerae
864 1080 995 1132 nostrae
1020 1065 1229 1131 Christianae
1257 1067 1336 1131 Sae-

224 1169 313 1236 culo.
354 1172 406 1238 Ita
437 1175 519 1237 satis
546 1184 698 1237 aoenrate
733 1171 875 1234 invicem
905 1172 1110 1233 consentient
1133 1171 1265 1248 omnia,
1295 1175 1346 1232 'nt'

222 1283 256 1335 et
271 1267 386 1356 junior·
416 1271 605 1338 Ptolemaeo
633 1273 733 1336 fuerit
753 1269 946 1354 Menippus,
987 1284 1020 1334 et
1048 1269 1206 1362 Menippo
1223 1271 1337 1356 junior

221 1369 475 1456 Agathemerns‚
498 1385 531 1438 et
549 1373 662 1459 junior
687 1371 908 1458 Agathemero
936 1369 1135 1439 Marcianus.
1185 1369 1257 1436 Vix
1276 1391 1336 1456 po·

181 1540 184 1548 ,
223 1471 286 1536 toit
315 1467 343 1536 ιι
364 1470 469 1538 Roma
503 1476 608 1538 veteri
636 1473 798 1556 duntaxat
834 1469 1007 1536 Itineraria
1043 1469 1228 1537 describere
1264 1473 1335 1557 ipae

224 1566 390 1653 Graecas,
433 1587 467 1638 et
493 1572 617 1640 Romae
647 1595 753 1642 novae
785 1575 894 1660 (siqua
923 1585 999 1638 tuno
1020 1573 1151 1660 fnisset)
1175 1570 1335 1638 subditus.

223 1665 297 1734 vta·
316 1673 427 1756 potuit
446 1668 590 1760 Imperii,
620 1697 683 1763 qno
713 1677 802 1740 vixit
822 1675 906 1759 ipse,
936 1671 1147 1760 Metropolim
1172 1687 1239 1739 tam
1266 1671 1335 1738 alto

221 1789 373 1855 premere
395 1771 541 1858 silentio,
562 1776 597 1840 in
620 1775 731 1864 Opere
753 1769 993 1858 Geographioo,
1014 1775 1048 1837 in
1070 1772 1155 1840 lonis
1175 1773 1335 1839 Constan-

222 1870 361 1956 tinopoli
382 1873 465 1939 adeo
487 1877 615 1940 vieinir.
657 1874 784 1940 Nomen
807 1877 879 1956 ejus
908 1872 1033 1952 fateor,
1063 1871 1244 1943 Romanum
1265 1890 1334 1943 est:

168 1969 170 1974 ’
221 1970 279 2033 aod
303 1971 462 2036 Graecum
484 1973 616 2058 lingua,
639 1996 701 2060 qua
718 1973 872 2056 tempsit,
894 1969 997 2033 tuisse
1016 1973 1144 2056 prodit,
1173 1989 1207 2040 et
1226 1978 1335 2061 patria

220 2068 386 2134 Heraclea
406 2071 513 2137 Ponti.
542 2065 760 2137 orientalem
781 2071 923 2157 produnt
944 2069 1118 2156 Epitheta,
1138 2074 1259 2162 quibua
1281 2095 1334 2140 or·

221 2183 278 2236 nat
308 2169 550 2256 Ptolomaeum,
582 2170 759 2241 θειοτάτου
785 2185 819 2236 ot
847 2169 1046 2258 σοφωτάτου
1075 2173 1159 2259 Syro
1187 2173 1334 2240 Malalne

221 2269 395 2339 admodum
416 2274 614 2357 familiaria,
642 2295 706 2338 non
729 2275 807 2337 item
831 2265 1189 2361 Graecis'Enropaeis.
1226 2275 1334 2339 ›Fari-

222 2383 280 2436 nnt
300 2372 382 2440 haee
403 2378 522 2460 omnia,
544 2371 587 2441 ne
605 2373 889 2458 Conrtantinopoli
905 2377 1019 2457 junior
1040 2376 1255 2460 credipoasit,¹
1277 2378 1334 2440 eir-

216 2471 273 2556 J'rr'o
295 2477 494 2540 mentionem
518 2497 646 2540 omnem
667 2478 714 2538 ita
736 2475 899 2537 devitarit.
940 2472 1035 2538 Haeo
1056 2477 1084 2539 oi
1106 2498 1202 2559 vera,
1245 2475 1334 2541 aliur

220 2572 321 2635 luerit
338 2569 529 2639 Marcianus
549 2587 660 2638 noster
682 2575 702 2636 ia
723 2571 893 2636 Maroiano
916 2574 1118 2657 Syneaiano,
1153 2590 1187 2640 et
1207 2575 1250 2640 ab
1270 2575 1333 2640 illo

220 2674 318 2734 etiarn
339 2669 438 2754 alius,
454 2676 639 2758 qnom¹ejuo
651 2672 727 2738 loeo
741 2675 869 2757 reponit
883 2671 936 2738 Cl.
954 2672 1153 2762 Vindingins
1175 2697 1194 2739 e
1215 2675 1333 2760 Suida,

220 2773 275 2856 qni
296 2770 358 2836 sub
378 2766 520 2836 Valente
540 2772 690 2860 Principe
718 2773 885 2852 flomerit3
922 2778 953 2840 ri
974 2778 1131 2844 tamenin
1151 2779 1224 2862 ipse
1244 2775 1334 2845 aliua

220 2871 319 2936 interit
341 2873 362 2936 d
382 2871 575 2955 Synaaiano.

254 3014 256 3022 ¹
290 3040 317 3106 1)
338 3039 457 3095 Ptolem.
478 3040 584 3112 Googr.
603 3041 637 3097 L.
656 3041 693 3097 11.
714 3059 738 3098 o.
758 3043 798 3098 ll.
818 3059 846 3112 p.
865 3043 909 3100 dt).
927 3046 970 3102 58.
1085 3093 1091 3102 .
