2852 4816
754 387 783 440 X

160 587 164 599 ‘
228 593 312 660 qnae
332 582 409 636 sant
427 591 459 656 p.
480 573 522 635 lo
543 567 593 632 ed.
614 533 736 634 itudo:
771 563 835 650 Τὴν
863 562 923 649 μὲν
951 555 1014 631 οὖν
1049 560 1232 648 Εὐρώπην,
1262 559 1326 630 eiad

100 749 106 756 x
226 674 284 756 τῆς
304 666 431 755 Λιβύης
451 668 578 753 διορίζει
608 664 646 734 τὸ
673 663 757 733 κατὰ
783 661 924 748 Γάδειρα
952 662 1055 748 στόμα
1081 667 1144 732 τοῦ
1172 661 1326 743 ὠκεανοῦ,

227 767 308 854 ὅπερ
333 765 528 852 Ἡράκλειον
554 767 691 854 καλοῦσι
716 763 879 848 πορθμόν.
906 765 940 830 δί
967 753 1009 830 οὖ
1029 763 1089 851 τὴν
1116 761 1248 850 είσροην
1272 762 1328 830 τὰν

100 870 106 934 ἶ
227 867 374 936 οίτιέσνον
394 868 439 944 είς
456 865 517 952 τὴν
536 863 692 952 ἡμετέραν
711 869 876 930 ποιεῖσθαι
893 861 1066 932 θάλασσαν
1084 867 1288 950 προείπομεν.

312 969 484 1034 Praeterea
505 967 568 1032 hoe
589 963 729 1032 debebat
749 965 856 1030 dicere
884 963 1055 1048 Millerus,
1087 967 1226 1032 iadieenr
1253 962 1329 1028 libri

226 1071 284 1155 gni
311 1072 384 1154 ipso
414 1078 498 1132 teste
525 1065 581 1151 (of.
603 1064 708 1150 praei.
730 1087 762 1150 p.
782 1063 884 1144 XIV)
905 1064 966 1132 sub
988 1065 1086 1132 finem
1107 1067 1227 1132 eodiois
1247 1062 1328 1128 folio

227 1173 367 1256 septimo
387 1161 541 1232 rioesimo
564 1167 704 1250 scriptos
717 1179 778 1246 est,
801 1166 862 1228 toti
882 1165 1008 1251 periplo
1026 1189 1046 1234 a
1061 1189 1099 1231 se
1119 1167 1330 1252 praemissum

227 1293 318 1359 esse„
353 1269 386 1333 Is
407 1279 518 1332 antem
539 1269 588 1332 sie
610 1264 783 1332 sehabet:
806 1267 1004 1350 Μαρτιανοῦ
1023 1269 1085 1333 τοῦ
1101 1263 1226 1334 πόντον
1247 1264 1329 1348 περί-

226 1375 330 1446 ττίονς
352 1371 413 1453 ’τῆς
440 1365 500 1446 ἔξω
519 1364 689 1451 θαλάσσης
710 1361 796 1450 ἑῴου
824 1387 858 1430 τε
877 1365 933 1432 ναὶ
953 1364 1104 1450 ἓσττερίον
1123 1365 1179 1433 καί
1205 1368 1272 1432 τῶν
1296 1363 1332 1430 ἐν

215 1469 313 1555 ἀὐτῇ
335 1469 492 1554 μεγίστων
511 1465 620 1552 νήσων
639 1469 705 1532 τῶν
726 1469 771 1544 είς
792 1465 853 1532 δύο
874 1465 977 1550 τεύχη.
1011 1464 1081 1532 Νεο
1107 1468 1212 1553 magis
1233 1466 1268 1530 id
1288 1467 1332 1529 si-

228 1568 417 1654 gnificatum
431 1567 472 1632 ab
490 1567 615 1632 Haasio
630 1580 692 1648 est,
715 1569 769 1652 qui
783 1565 857 1630 loeo
872 1565 1006 1632 laudato
1020 1567 1100 1643 haee
1122 1569 1265 1651 arripnit:
1287 1564 1331 1628 Ia

229 1671 300 1734 dem
314 1669 501 1738 eroalrotea
520 1669 607 1734 Tr'tel
625 1666 686 1731 ίοί
705 1667 768 1735 Ην.
790 1667 841 1737 M.
861 1667 942 1732 νοοίι
954 1673 1008 1732 τίν
1021 1669 1158 1732 namet
1175 1665 1332 1732 Veneta

229 1771 395 1854 genardt3
425 1767 566 1834 νᾶνείίοΙε
586 1769 646 1832 der
669 1765 805 1833 Sodlrorr
818 1769 930 1834 dierer
951 1779 1053 1832 etwas
1080 1769 1202 1852 dangeo
1215 1835 1217 1843 ,
1231 1768 1332 1834 tiron

229 1874 337 1938 [arctet
362 1871 417 1936 ber'
443 1870 600 1934 Hadeon:
627 1869 694 1933 τῶν
715 1868 760 1943 είς
780 1865 841 1932 δύο
861 1863 900 1932 τὸ
919 1870 1063 1950 πρῶτον,
1082 1875 1156 1934 er'ae
1177 1867 1330 1934 Beaetod-

228 1977 441 2054 ηντηςεεοοίνε,
468 1971 522 2034 dr'e
549 1969 600 2049 ofl
629 1985 740 2051 genag
764 1967 957 2040 oordomnrn
984 1990 1019 2032 ro
1047 1991 1077 2038 τ.
1106 1968 1146 2036 Β.
1167 1971 1251 2034 νίτεί
1279 1971 1332 2036 die

230 2070 485 2134 Harmonike
506 2072 561 2134 der
574 2069 762 2132 Proletarius
781 2071 818 2130 νέε
834 2065 1096 2148 Hondrodreften
1116 2091 1151 2138 eo
1174 2069 1332 2147 deeodrr'e-

230 2169 310 2252 denr
330 2172 397 2235 τῶν
417 2171 462 2245 είς
482 2169 556 2253 τρία
575 2164 613 2233 τό
633 2167 772 2250 πρῶτον,
794 2161 832 2232 τὰ
854 2167 1016 2250 δεύτερον,
1037 2164 1075 2234 τὸ
1096 2169 1214 2252 τρίτον.
1251 2168 1333 2236 Nare

228 2263 290 2334 dot
317 2267 396 2333 ader
426 2268 498 2335 dier
526 2271 585 2336 der
615 2268 729 2341 Cadere
757 2265 868 2331 εστίν·
894 2262 932 2330 τὰ
954 2269 1094 2349 πρῶτον,
1119 2274 1256 2360 eoadem
1277 2293 1334 2336 ro:

226 2371 296 2438 reio
322 2371 367 2447 τίς
394 2367 422 2454 β’
445 2368 503 2446 τὰς
536 2372 622 2440 dr'err
651 2367 712 2432 dat
732 2367 838 2432 Ητνν.
853 2366 904 2433 Μ.
931 2372 993 2431 mit
1011 2369 1072 2433 der
1093 2370 1333 2438 Hadeea'redrn

229 2471 353 2536 Lerort
374 2471 558 2536 verbanden
575 2469 647 2534 ¹aad
667 2465 807 2560 νείίίσίεί
823 2465 1000 2546 conjector
1019 2470 1249 2552 gerodraedea:
1268 2477 1334 2540 τοῖν

228 2569 274 2643 εἰς
295 2565 357 2632 δύο
377 2563 475 2650 τεύχη
495 2565 537 2630 τὸ·
553 2565 702 2648 erpoinum
729 2564 915 2630 retentat
935 2572 983 2632 εἐί
997 2570 1036 2650 je
1055 2577 1110 2636 τίν
1134 2575 1333 2640 Grammati-

228 2669 286 2732 ter
306 2664 552 2748 adgerodmaodt
570 2683 682 2748 georg
699 2675 855 2748 genereo,
877 2667 936 2730 doe
959 2667 1056 2733 Wort
1074 2673 1187 2755 τεῦχος
1206 2695 1242 2738 eo
1260 2695 1335 2738 νννε

237 2768 324 2834 ittet
333 2765 390 2830 'za
418 2765 676 2840 arierdrarroden3
703 2765 786 2830 deod
812 2773 928 2851 mdgen
955 2768 1023 2833 aiod
1045 2769 1191 2856 doaetr‘ge
1210 2771 1337 2855 Belege

220 2867 288 2947 fiir
307 2867 363 2930 die
381 2864 583 2950 Bedentuag
602 2863 779 2944 schrift,
804 2865 932 2946 noct,
953 2873 1062 2952 ararad
1090 2869 1144 2933 dee·
1161 2869 1337 2957 Spdterea,

228 2987 342 3050 genag
364 2967 501 3044 stadem
532 2965 605 3033 lra'er
633 2973 680 3032 ist
705 2967 784 3033 oder
814 2969 967 3050 offendor
994 2967 1056 3036 dar
1080 2969 1122 3038 τὰ
1132 2972 1201 3050 fria
1226 2971 1336 3036 no'odte

229 3073 344 3134 roer'ter
364 3085 404 3129 τν
425 3065 570 3144 μείνειε,
592 3068 643 3131 alr
654 3071 724 3147 jar
743 3068 781 3136 τὸ
803 3070 835 3151 τί,
857 3073 890 3140 d.
911 3071 943 3136 Ιι.
964 3067 1002 3135 τὸ
1024 3073 1167 3154 πρῶτον.
1187 3107 1230 3124 -
1250 3071 1338 3138 Ube-

228 3172 298 3233 rius
326 3179 434 3232 autem
462 3165 503 3230 de
525 3164 588 3230 hoo
610 3167 721 3233 aodiee
742 3171 908 3256 disputavi
925 3191 965 3234 eo
987 3168 1163 3258 libro,'qui
1176 3169 1339 3258 Menip-

228 3289 300 3353 pus
321 3268 496 3351 inseriptus
518 3279 578 3330 est.
941 3343 945 3351 Ι

306 3365 433 3434 Milleri
454 3367 565 3448 aditio,
588 3389 670 3454 qaae
692 3389 765 3434 enm
782 3371 853 3453 jam
872 3383 984 3433 nostra
1005 3381 1121 3453 ooepta
1140 3383 1228 3434 esset
1248 3372 1338 3456 typis

231 3468 388 3548 mandari,
395 3469 430 3532 in
445 3489 565 3532 manas·
577 3482 707 3534 nostras
718 3472 866 3554 pervenit
877 3470 987 3554 (quarn
1002 3467 1045 3534 ob
1060 3489 1190 3534 eausam
1205 3472 1341 3555 quaein

231 3582 339 3658 ealest
353 3571 497 3633 varietas
514 3568 665 3635 lectionis
680 3592 751 3634 earn
765 3569 900 3655 posthae
910 3567 1015 3633 literis
1028 3565 1281 3652 mandabimus),
1293 3591 1338 3633 eo

231 3670 349 3735 oeteris
371 3682 532 3752 praestat,
555 3670 640 3754 quod
662 3681 793 3754 atquae
816 3669 1000 3756 fragmenta
1019 3669 1281 3754 geographorum
1304 3672 1342 3734 in

232 3775 297 3836 isto
316 3770 427 3836 oodioe
445 3782 519 3834 sunt
533 3771 702 3853 parisiensi
718 3767 816 3834 habet
834 3784 866 3833 et
881 3767 1242 3851 varietatemieotionis,
1255 3793 1342 3856 quae

138 3857 144 3867 ’
219 3870 361 3954 *quidem
376 3882 427 3932 est
439 3870 511 3951 ejus
527 3868 562 3932 in
576 3865 705 3952 seriptis
719 3867 926 3936 Maroianeis.
969 3869 1033 3934 Sed
1052 3871 1085 3933 in
1106 3870 1344 3954 perscribenda

233 3970 293 4035 hae
319 3974 476 4035 varietate
504 3966 657 4034 lectionis
685 3991 811 4034 summa
839 3991 912 4035 oum
943 3967 1152 4054 indiligentia
1185 3983 1342 4036 versatas

232 4085 298 4146 est3
320 4092 394 4136 narn
416 4067 536 4134 multas
556 4069 811 4150 emendationes,
834 4091 915 4156 quae
938 4071 1065 4156 quidem
1087 4084 1143 4134 aut
1157 4068 1344 4134 Dodvveili

134 4189 138 4198 ’
233 4186 306 4236 sunt
328 4184 383 4236 aut
402 4169 554 4236 Hudsoni
582 4182 639 4237 aut
660 4166 871 4248 Hoesehelii,
893 4171 997 4237 eodioi
1020 4167 1172 4242 tribuisse
1194 4171 1342 4252 ridetur,
