2872 4814
363 407 450 468 ΤΗΣ
474 409 696 472 ΜΕΓΑΛΗΣ
719 411 966 476 ΘΑΛΛΣΣΗΣ.
1155 417 1216 482 281

97 586 257 672 ἀποβῆναι
279 590 323 665 εἰς
345 590 529 656 Molossos·
551 595 633 658 σταδ.
656 590 691 658 ιι.’
728 591 802 658 ilud
824 594 858 658 δὲ
878 599 935 659 τοῦ
959 599 1147 662 Ποσειδέου1
1174 600 1218 676 εἰς

100 689 295 772 Πολνορμον2
320 694 402 756 οταδ.
425 689 461 775 μ’
505 687 579 758 Ἀπὸ
602 688 770 776 Πανόρμου
793 696 836 771 εἰς
859 697 1003 778 Μέλητον
1025 701 1108 762 σιαδ.
1130 697 1170 763 ια’

96 857 167 913 ions
188 895 265 914 .....
287 857 318 912 in
331 855 482 916 Tenedum
505 858 583 917 uude
607 859 794 919 descenditur
811 863 914 920 stadiis
928 866 976 920 20.
1016 864 1220 942 AMylassam

98 931 274 998 Posidioin
294 931 469 992 Panormum
488 935 583 992 stadia
602 939 647 994 40.
690 938 715 995 Α
735 935 881 1014 Panonno
900 937 1034 998 Miletum
1055 942 1159 998 stadia
1172 945 1220 1000 80.

99 1150 181 1211 ptum
200 1138 441 1212 ειαλΧαλιιὴδων.
466 1105 558 1212 Atque
575 1141 646 1196 baec
681 1160 742 1212 cap.
772 1147 807 1198 24
838 1145 908 1201 haee
939 1095 1050 1202 narrat:
1073 1143 1222 1216 Ἀθηναῖοι

100 1213 269 1264 coniectura
288 1214 372 1264 edan
399 1224 432 1263 eo
462 1212 645 1264 confirmatur
680 1219 741 1276 ταῖς
764 1215 869 1270 εἴκοσιν
894 1216 995 1272 ναυσλν
1020 1213 1050 1271 έν
1081 1219 1116 1286 τῆ
1139 1214 1223 1288 Λάδῃ

99 1283 214 1343 ordine,
228 1295 307 1349 qoem
323 1279 646 1350 hiesoriptorscqultur.
680 1277 869 1350 ἐφορμοῦντες
899 1279 1041 1356 ιῖιιόβασιν
1071 1273 1222 1354 ιιὸιησάμε·

134 1352 163 1412 l)
182 1352 215 1402 ln
232 1349 286 1402 hoc
304 1349 544 1418 promontorium,
570 1349 645 1418 quod
680 1368 726 1404 υοι
759 1348 787 1415 ές
822 1348 976 1422 Hoiooppoo
992 1355 1041 1421 τῆς
1069 1355 1226 1424 Μιλησίας..

98 1433 178 1470 nunc
198 1433 217 1469 a
234 1419 328 1470 nautis
345 1433 409 1485 oap
433 1418 581 1470 Asbora
605 1418 645 1469 di·
680 1417 824 1474 Χαλκιδέα
856 1418 887 1474 δέ
917 1418 968 1477 τὸν
999 1419 1224 1490 Λακεδαιμόνιον

98 1488 195 1549 citur,
220 1487 272 1540 illa
300 1487 358 1540 exit
383 1487 463 1554 quasi
489 1487 646 1554 peninsula,
680 1483 867 1557 o’c'pzooropsc’
881 1483 984 1559 ὀλίγον
1003 1488 1223 1562 παραβοήσαντα

98 1557 135 1608 ad
168 1553 308 1610 orientem
340 1556 404 1608 sinu
432 1555 577 1620 boemico,
610 1555 647 1606 ad
681 1551 879 1611 α’τιοκτείνονσι
903 1559 952 1614 καλ
975 1563 1114 1626 τροπαῖον
1143 1559 1224 1631 τρίτῃ

100 1631 215 1706 ceteras
236 1626 367 1694 regiones
381 1625 476 1676 cirreta
486 1625 571 1706 mari.
590 1622 646 1676 Sed
679 1621 770 1698 ἡμέρᾳ
782 1621 902 1710 ἕσπερον
920 1624 1138 1712 δρατλεέραντερ
1151 1625 1225 1710 ἔστη,-

99 1691 377 1824 difficili?
390 1692 566 1828 ‘illiniri
582 1707 646 1823 ⁰333
682 1709 806 1828 λῖλιιλι
821 1693 1079 1832 biiii-imbuis&
1095 1713 1225 1818 lusci

100 1838 132 1882 ut
158 1833 244 1885 testis
269 1835 314 1884 est
338 1831 446 1882 Plinius
459 1829 514 1892 ,bis
540 1829 645 1892 verbis,
680 1831 763 1897 Apud
782 1831 960 1884 Herodotum
980 1840 1075 1885 autern
1100 1829 1170 1884 baec
1187 1833 1225 1885 le·

99 1901 153 1958 lib.
176 1903 219 1961 V,
238 1914 298 1966 cap.
319 1899 367 1950 29:
397 1898 479 1951 lonia
512 1899 547 1951 ab
573 1901 647 1950 iasio
682 1901 789 1967 gimus:
817 1899 881 1951 libr.
908 1901 929 1966 Ι,
954 1915 1014 1968 cap.
1040 1901 1104 1952 lbi:
1129 1899 1166 1954 Oi
1194 1897 1225 1955 δέ

100 1971 169 2020 sinu
183 1969 321 2036 incipiens
336 1980 450 2019 numero
468 1968 528 2020 sive
541 1968 647 2020 ambitu
683 1971 826 2035 Κονμαῖοι
844 1965 967 2037 ἔγνωσαν
989 1985 1021 2023 σν
1061 1970 1145 2038 ονλῆς
1160 1966 1226 2038 πέρι

100 2039 220 2090 litorum
243 2037 375 2090 flectitur.
417 2036 449 2087 ln
480 2052 514 2088 eu
542 2038 648 2104 primus
683 2031 981 2119 ξςδεόνιῖυοῖσοιιτόν
995 2034 1025 2091 έν
1061 2038 1225 2160 ραμρέδῃσι·

99 2109 181 2160 sinus
198 2106 347 2167 Basilicus,
366 2105 554 2158 Posideum
573 2119 648 2172 pro·
681 2121 718 2172 ην
742 2101 796 2172 γὰρ
821 2099 929 2160 αὐτόθι
959 2103 1096 2176 μαντήϊον
1131 2125 1148 2160 ιι
1174 2125 1225 2160 τια-

101 2176 331 2228 montorium
358 2179 395 2227 et
427 2173 648 2242 oppidum,
684 2171 938 2242 λαιοιλλδρομένον,
957 2171 1093 2243 τῷἼιονές
1111 2193 1138 2228 τι
1156 2172 1226 2229 τοίν-

103 2245 255 2296 oraculum
280 2241 501 2296 Branchidarum
526 2243 649 2310 appella·
682 2257 727 2302 see
745 2239 906 2296 ααὶΑἰολέε
936 2243 1053 2297 εἴθισαν
1075 2239 1226 2311 χρίεσθαι·
1290 2268 1293 2274 ·

100 2320 173 2374 turn,
193 2329 266 2364 nune
290 2312 445 2379 Didymaei
462 2311 613 2378 Apollinis,
633 2327 651 2361 a
685 2305 701 2362 o‘
722 2307 753 2362 bl
770 2311 861 2396 μέρος
888 2261 973 2374 vileir
992 2307 1050 2364 ἐστι
1068 2314 1117 2380 τῆς
1135 2313 1225 2381 Μιλη-

103 2384 191 2435 litore
209 2381 363 2434 stadiorum
385 2381 498 2448 viginti.
533 2380 648 2431 initium
684 2377 745 2446 σέης
762 2376 834 2446 υπέρ
849 2376 1003 2448 Πανόρμου
1014 2375 1131 2446 λιμένος.
1146 2381 1226 2444 Quae

103 2452 207 2503 ioniae
225 2450 324 2502 eodem
351 2449 465 2504 iidetur
481 2449 563 2500 modo
582 2448 648 2499 deli·
683 2447 850 2500 Herodotea
863 2448 951 2500 verba
966 2449 1110 2517 praeclare
1118 2446 1227 2500 chand-

101 2521 168 2572 nire
203 2518 306 2606 διμιδιο
344 2517 438 2602 uerbis
460 2517 534 2604 ,his
566 2517 648 2602 Jilv,
684 2515 743 2566 lero
762 2516 972 2578 confirmantur,
991 2517 1036 2586 qui
1056 2515 1153 2600 refert,
1172 2532 1227 2569 non

101 2587 312 2721 {iiiiii-⁶
327 2586 506 2724 bodulli?
520 2603 575 2707 :tl
593 2587 650 2707 {ib
684 2583 1228 2720 lnglntllllliitllltillidi:

103 2725 242 2792 Καρικῶν
258 2717 334 2791 ὀροῖν
355 2720 434 2806 μέχρι
453 2723 583 2784 Φωκαίας
602 2721 651 2775 καὶ
685 2723 799 2774 nomine
819 2722 939 2787 lotan)
963 2724 1054 2774 sinum
1079 2737 1140 2776 esse
1165 2737 1228 2790 per-

102 2795 158 2847 τοῦ
172 2785 280 2859 Ἕρμου
306 2787 339 2845 τὰ
357 2809 445 2858 περας
468 2793 517 2858 τῆς
535 2792 652 2859 Ιωνιιιῆς
677 2796 851 2856 angustum,
877 2789 912 2840 ad
935 2790 1119 2857 appellendus
1142 2805 1229 2843 naves

101 2861 256 2928 παραλίας.
308 2859 486 2919 (Emendatio
512 2857 651 2910 Groskur-
668 2847 992 2926 ”peraooonrmodatunn
1009 2861 1039 2910 in
1058 2873 1114 2926 quo
1130 2860 1228 2912 etiam-

104 2931 158 2991 dii,
179 2943 230 2996 pro
259 2921 336 2995 ‹ipsis›
360 2927 541 2994 interpretati
566 2919 650 2994 ὅρων,
686 2941 759 2976 nune
782 2927 932 2994 conspicua
955 2928 1014 2978 sint
1035 2929 1159 2997 vestigia
1184 2943 1229 2980 ca-

105 2999 142 3051 c'o
165 2996 324 3059 refutatur,
350 2996 426 3063 quod
445 3011 475 3048 re
493 2997 556 3062 ipss
573 3010 652 3046 mon·
685 2995 835 3046 stelionum
863 2997 999 3062 praesidii
1029 3011 1116 3048 causa
1133 2997 1230 3049 aedili-

104 3074 152 3120 tes
180 3065 280 3117 cariae
311 3080 401 3132 usque
437 3065 474 3116 ad
505 3063 652 3117 Posidium
687 3070 824 3115 catorum.
862 3065 997 3132 Atquein
1023 3067 1142 3118 eaodem
1168 3081 1230 3118 sen·

106 3134 289 3204 procedunt)
331 3136 422 3202 Atque
461 3132 507 3185 hic
539 3147 651 3202 quoque
685 3134 806 3184 tentiam
822 3132 947 3200 loquitur
970 3135 1142 3192 Pausanias,
1162 3135 1228 3186 libri

104 3205 189 3256 locus
230 3202 376 3254 Strabonis
416 3200 472 3253 hirc
510 3203 652 3268 pertinet:
687 3203 780 3267 quinti
796 3202 891 3267 capite
905 3202 1040 3268 septimo:
1062 3204 1110 3270 Τςὸ
1124 3199 1155 3256 δέ
1171 3197 1230 3255 Ἀλ-
1264 3203 1270 3210 ’

105 3267 193 3326 Μετὰ
219 3268 250 3328 δὲ
275 3265 307 3324 τὸ
326 3269 480 3324 Ποσείδιον
504 3265 535 3323 sd
560 3264 651 3335 Μιλή-
686 3268 757 3338 rorigo
783 3263 815 3321 sd
849 3263 919 3322 αέτὸ
949 3264 1050 3338 πάσχει
1072 3268 1122 3323 καὶ
1150 3263 1230 3337 ὕδωρ

105 3357 171 3394 σιον
203 3334 265 3408 ἑξῆς
299 3335 357 3392 έστι
383 3334 416 3392 cd
442 3342 575 3406 μαντεῖον
600 3339 652 3390 rori
687 3331 756 3389 ἀλλὰ
776 3331 806 3389 ἐν
824 3329 931 3408 Ἰωνίᾳ·
954 3333 1057 3390 τούτου
1077 3335 1108 3391 δέ
1124 3330 1232 3400 ὕδατος
1319 3380 1323 3388 ,

106 3405 274 3477 Δινδυμέως
286 3402 468 3474 Ἀπόλλωνος,
481 3401 514 3460 sd
529 3403 558 3460 έν
565 3410 652 3476 Βραγ-
686 3399 760 3472 πηγὴ
771 3399 823 3472 μέν
836 3400 912 3458 έστιν
926 3400 1087 3474 ένΜνιιοῖλῃ
1099 3407 1140 3474 τῷ
1152 3403 1229 3473 ὄρει·

105 3478 220 3546 χέδαις,
247 3471 386 3546 ἀναβάντι
410 3471 478 3529 ὅσον
504 3470 575 3528 durni
603 3473 652 3528 noi
687 3467 835 3539 διεξελθὸν
855 3470 886 3526 δέ
899 3468 1049 3527 θάλασσαν
1063 3468 1113 3542 τὴν
1126 3470 1229 3543 potueri
1259 3527 1262 3534 ,

106 3542 236 3600 δυόδεκα
267 3544 401 3606 σταδίους
429 3540 468 3597 ui.
517 3543 652 3596 consulto
687 3531 795 3595 ἄνεισιν
834 3530 923 3604 αὖθις
962 3537 1033 3596 κατὰ
1072 3544 1149 3610 Βραγ
1167 3542 1232 3606 idue

107 3615 272 3681 scripsimus
315 3607 561 3666 οἰιτοιιιοιδυόδεκα
601 3626 652 3680 pro
686 3605 758 3678 πρὸς
771 3605 860 3678 λιμένι
876 3604 1070 3682 ὀνομαζομένῳ
1084 3561 1229 3682 πανέρμῳ.

107 3678 315 3742 ὀκτωκαίδεκα,
341 3696 405 3732 nam
430 3681 508 3732 illam
532 3681 652 3748 scriptu·
687 3679 822 3731 Mensura
852 3681 1045 3748 quadraginta
1074 3679 1232 3730 stadiorum

108 3767 171 3804 ram
192 3756 221 3803 et
239 3749 341 3802 babent
367 3750 432 3801 libri
451 3765 533 3801 uranu
552 3749 653 3816 scripti
687 3748 764 3800 inter
810 3747 956 3800 Posidium
1000 3755 1028 3799 es
1063 3748 1232 3800 Panormurn

107 3820 316 3887 confirmatque
336 3818 421 3870 Plinii
446 3833 577 3870 numerus
597 3825 653 3869 sta·
689 3815 801 3868 omnino
817 3831 867 3884 pro
881 3831 949 3870 rere
962 3814 1092 3869 habenda
1107 3823 1158 3880 est,
1180 3833 1233 3869 nec

109 3889 294 3942 diorumXX.
313 3885 654 3956 inscripturailoosldeov
688 3887 780 3936 minus
798 3899 850 3952 pro
876 3901 943 3938 vera
961 3884 1060 3938 haberi
1088 3884 1173 3938 debet
1190 3901 1233 3947 ea,

109 3959 218 4010 Strabo
242 3965 271 4010 et
304 3957 427 4025 periplus
457 3956 654 4008 consentiunt:
689 3969 761 4023 quae
783 3955 927 4022 sequitur,
954 3955 1104 4024 octoginta
1127 3954 1233 4006 stadio·
1273 3949 1278 3962 ‘

110 4027 224 4080 Plinius
256 4031 372 4078 secutus
413 4031 457 4078 est
488 4026 656 4091 scripturam
691 4039 765 4081 rum.
800 4023 871 4074 Nan
890 4039 907 4074 a
933 4024 1039 4091 templo
1058 4021 1233 4074 Branchida-

111 4094 288 4150 Ποσείδειον.
447 4119 450 4126 ’
690 4107 770 4152 rum,
793 4090 869 4158 quod
888 4091 1110 4144 demonstratum
1131 4099 1175 4144 est
1188 4109 1232 4143 su-

147 4167 175 4224 2)
200 4164 368 4216 Panonnum
390 4166 504 4228 portum
528 4158 657 4212 Milesio·
690 4175 744 4228 pra
768 4157 938 4211 Panormurn
961 4161 990 4210 in
1016 4165 1111 4212 monte
1140 4159 1234 4212 condi-

113 4247 177 4283 rum
200 4231 288 4285 inissa
307 4239 336 4283 et
359 4229 545 4298 Thucydides
568 4234 655 4281 testa·
690 4236 749 4280 tum
768 4225 871 4289 fuisse,
889 4227 1040 4280 Dallavaio
1057 4235 1131 4281 toste
1150 4235 1232 4292 (trev.

115 4307 165 4353 tor
182 4306 211 4354 et
230 4300 403 4354 Herodotus.
423 4300 476 4352 lile
495 4299 568 4352 libro
581 4297 656 4360 Vlll,
691 4303 722 4349 to
739 4295 786 4352 tbe
812 4297 923 4350 Levant
947 4298 1016 4358 cet.)
1040 4312 1128 4366 usque
1153 4298 1235 4349 Mile-
1269 4315 1285 4326 ·’
