2846 4812
244 353 304 420 lb·
507 356 752 418 Mnntnttor
783 357 1089 420 ΠΕΡΓΑΜΗΝΟΤ

242 537 420 614 ίθεάσαντο,
440 536 665 617 πιστεύσαντες,
691 539 796 622 ἢτοίς
813 539 1030 626 cappadocem
1054 541 1157 626 άπερο
1181 539 1240 605 otis
1265 541 1355 626 ίίγνα·

242 660 315 715 σαν,
349 637 628 722 άνιολουθήσαντες,
656 642 895 725 έκλογιστιαίαςί
922 645 1077 727 περίπλου
1097 647 1151 724 τῆς
1172 641 1356 724 οἰκουμένης

242 735 445 821 ἐποιήσαντο,
467 731 552 804 οὗτοι
572 741 666 820 δῆλον
686 739 728 818 cir
748 739 805 823 σύη
826 739 950 819 ἑαυτούς
970 739 1084 834 μάνους
1103 739 1284 825 η’πάτησαν,
1305 739 1355 805 ott

242 834 279 902 λά
302 837 351 902 καί
373 835 444 914 τούς
465 839 643 918 πεισθέντας
664 845 727 915 τοῖς
751 839 804 905 ύπ’
825 839 926 906 adroic
949 848 1153 924 ουνμραφείσι.
1185 840 1302 926 γράφω
1323 839 1354 904 di

242 941 348 1013 ταῦτα,
370 944 493 1014 πολλοῖς
514 940 568 1021 μέν
590 939 721 1022 ίντνχοῖν
743 941 918 1024 περίπλοις,
939 937 1038 1024 πρλύν
1059 940 1092 1006 δὲ
1113 945 1184 1025 περί
1204 939 1265 1023 τὴν
1287 938 1355 1006 τού-

242 1063 304 1101 τοιν
324 1039 448 1119 ίίίησιν8
465 1035 621 1114 άναλούσας
641 1035 760 1120 χρόνον.
789 1038 847 1123 χρὴ
870 1043 989 1118 τοίνυν,
1011 1039 1079 1106 ὅσοι
1099 1040 1290 1116 παιδεύσεως
1310 1041 1352 1104 έν·

242 1136 294 1214 τίς
314 1139 513 1219 κατέστησαν,Ι
532 1135 648 1202 τούτων
669 1137 813 1216 ἐξετάζειν
834 1137 886 1215 τάς
906 1141 1093 1224 φιλομαθίας
1113 1138 1293 1218 τοιαύτας,’
1315 1136 1354 1213 cit

243 1239 317 1320 μήτε
346 1239 513 1322 προχείρως
540 1232 692 1301 πιστεύειν
717 1245 782 1314 τοῖς
807 1239 995 1322 λεγομένοις,
1032 1236 1107 1321 μήτε
1137 1239 1270 1304 άπιστον
1298 1234 1353 1319 τὴν
1416 1245 1417 1340 ρ

243 1338 357 1403 οἰκείαν
384 1336 507 1421 γνώμην
536 1337 711 1416 ἔμπροσθεν
731 1344 785 1419 τῆς
806 1339 929 1404 ἐκείνων
947 1341 1111 1422 φροντίδος
1130 1338 1350 1419 ποιουμένους·
1416 1365 1417 1426 l

243 1437 368 1513 τούτους
389 1433 427 1518 δὴ
450 1434 663 1518 α’κριβίστερον
683 1436 936 1521 έπισιιοπήσομεν.
969 1439 1001 1511 ol
1013 1446 1026 1483 ¹
1051 1434 1108 1522 peip
1131 1434 1168 1520 δὴ
1191 1440 1352 1512 δοκοῦντες
1416 1427 1417 1476 ί

241 1544 332 1602 ταῦτα
354 1533 426 1620 μετά
448 1539 545 1618 λόγων
567 1537 747 1616 ἐξητακέναι,
772 1539 961 1621 Τιμοσθένης
982 1537 1000 1601 ί
1019 1535 1133 1613 Ῥύάιάς
1154 1539 1246 1613 έστνν,
1267 1535 1349 1618 cippi·

242 1632 427 1719 κυβερνήτης
447 1641 503 1722 τοῦ
524 1636 663 1719 δευτέρον
685 1639 876 1720 Πτολεμαίου
896 1635 1044 1722 γεμονοίς,
1073 1637 1123 1702 καί
1150 1635 1210 1720 μετ’
1234 1639 1350 1701 ἐκεῖνον

240 1735 477 1821 Ἐρατοσθένης,
498 1734 535 1799 ὃν
556 1739 656 1819 βῆναί
675 1734 818 1800 ἐκάλεσαν
839 1737 872 1799 oi
890 1743 947 1802 τού
968 1739 1128 1802 Μουσείου
1147 1733 1349 1836 μροστάντες·

241 1905 321 1976 nixi,
347 1904 497 1982 catalogos
524 1883 715 1959 coniecerunt
735 1904 869 1980 periplon
889 1913 985 1962 terrae
1011 1903 1193 1978 habitabilis3
1221 1901 1346 1960 manife-

241 1990 319 2036 stum
338 1997 389 2035 eos
409 1997 469 2034 non
487 1986 580 2034 semet
606 1980 701 2034 solum
720 1976 885 2053 decepisse,
913 1980 965 2037 sed
991 1990 1021 2037 et
1047 1981 1120 2038 alios
1147 1979 1182 2036 ab
1209 1979 1247 2034 iis
1276 1996 1347 2056 quae

241 2055 421 2130 scripserunt
440 2071 625 2144 ριεεειιιιιιοο.ο
643 2051 725 2143 Hpec
744 2056 980 2146 autem'scribm
1007 2057 1113 2147 npultos
1141 2052 1258 2144 quidem
1283 2072 1347 2144 per·

239 2129 547 2281 tllttttttltt
562 2138 659 2281 ihil„
672 2129 1346 2283 tttnttttffitttlt'ttttttttt.lt

239 2282 318 2339 viter
338 2279 442 2336 imbuti
462 2289 548 2350 sunt,
576 2299 677 2337 eorum
696 2283 727 2338 in
747 2225 912 2339 huiusmodi
939 2283 1102 2357 disciplinis
1129 2283 1288 2368 peritiam,
1315 2290 1345 2336 ut

241 2374 335 2433 neque
354 2366 464 2413 temere
490 2355 611 2416 credant
634 2356 737 2429 dictis,
764 2376 859 2433 neque
887 2360 1020 2434 proprias
1047 2368 1257 2436 suspectaeque
1281 2355 1345 2414 lidei

240 2434 393 2510 opiniones
418 2432 536 2490 illorum
564 2451 651 2489 curae
679 2442 709 2489 et
735 2432 905 2518 diligentiae
932 2444 1088 2514 opponant.
1127 2433 1345 2508 Hossane1et

241 2508 308 2586 nos]
328 2509 423 2586 magis
443 2517 578 2567 accurate
598 2507 855 2566 considerabimus.
880 2511 937 2578 Qut
956 2512 1049 2588 igitur
1068 2512 1098 2567 in
1118 2509 1189 2567 haec
1207 2511 1344 2566 nimirum

239 2603 305 2641 curn
337 2587 452 2641 ratione
483 2584 674 2658 inquisivisse
705 2585 859 2657 videntur,
906 2584 1111 2643 Timosthenes
1132 2583 1265 2644 Rhodius
1293 2594 1344 2652 est,

259 2661 291 2714 ui
313 2659 485 2734 praecipuus
506 2658 693 2714 Gubernator
711 2658 769 2716 l'uit
788 2659 909 2718 secundi
928 2660 1107 2734 Ptolemaei,
1137 2671 1167 2718 et
1192 2670 1262 2736 post
1282 2677 1344 2718 euna

240 2679 468 2804 intermanet,
496 2752 581 2809 quem
606 2731 678 2790 Beta
703 2736 910 2811 nuncupabant
936 2738 1076 2813 praefecti
1099 2733 1343 2860 alexandrinae]

272 2891 300 2958 b)
319 2889 513 2962 σημμράψασιν
530 2893 773 2959 Hoescb.‚lluds.,
808 2895 830 2947 Ι.
855 2911 879 2949 c.
906 2899 947 2950 lt.
985 2897 1092 2950 iluds.
1124 2896 1225 2948 Plures
1257 2896 1343 2948 libros

238 2961 332 3029 quiin
351 2962 428 3012 notis
448 2978 500 3015 ent.
521 2979 572 3032 acy
589 2982 614 3030 ρ.
807 2964 1012 3034 geographicos
1037 2963 1236 3018 Timosthenes
1271 2979 1342 3016 com·
1417 3005 1418 3016 ,

225 3039 236 3060 ‘
271 3019 562 3100 6)άπεράκριβοίςο
582 3050 599 3084 κ
619 3031 722 3082 Miller.
806 3035 911 3100 posuit.
950 3033 1009 3087 Nos
1046 3035 1245 3103 cognoscimus
1278 3031 1341 3083 hos:

271 3097 299 3158 t)
317 3091 520 3164 έκλογιστιαίας
554 3098 690 3174 Ηοειιοίι.,
703 3098 771 3160 (lod.
806 3097 1000 3171 Σταθιασμάς,
1018 3101 1047 3156 ol
1064 3098 1171 3170 λιμένες
1189 3115 1341 3169 eorumque

237 3163 302 3217 Par.
324 3167 422 3235 lluds.,
437 3182 554 3234 quorum
569 3176 728 3236 postremus
743 3168 771 3219 in
806 3170 948 3236 epitomen
974 3185 1030 3221 uno
1057 3170 1130 3222 libro
1159 3167 1341 3238 comprehcn-

237 3234 313 3286 notis
336 3233 442 3303 „bego
466 3230 675 3304 ἐκλονιοτίας.“,
696 3235 770 3304 quod
805 3252 880 3300 sum,
908 3245 1009 3307 atque:
1041 3239 1240 3291 Dimensioncs
1269 3238 1339 3290 loco·

223 3318 292 3358 rac.
312 3300 418 3358 Miller.
606 3320 609 3324 ·
808 3321 879 3360 rum.
901 3308 954 3359 llis
971 3307 1052 3358 libris
1070 3321 1126 3358 non
1142 3304 1340 3360 Eratosthenes

269 3372 297 3434 8)
312 3370 346 3424 ίθ
365 3387 409 3425 σιν
436 3370 560 3424 Ηοεεαίι.
586 3372 675 3426 Huds.
702 3373 771 3425 l'od.
807 3374 907 3443 solum,
925 3376 976 3427 sed
995 3376 1081 3427 etiam
1091 3375 1205 3438 Strabo,
1224 3375 1341 3432 Plinius,

236 3440 349 3503 Parme
381 3456 444 3509 ησιν
461 3455 516 3496 scr,
535 3440 641 3495 Miller.
702 3453 705 3467 ¹
807 3441 968 3510 Stephanus
992 3445 1064 3511 Byz.
1090 3444 1197 3511 aliique
1224 3444 1276 3494 dlli
1315 3459 1341 3496 n·

269 3509 297 3571 9)
324 3501 376 3571 τάς
410 3505 544 3572 τοιαύτας
583 3509 773 3578 φιλομαθείας
807 3510 916 3564 tissime
933 3513 976 3564 usi
994 3519 1071 3565 sunt.
1089 3511 1171 3565 cont.
1185 3511 1257 3566 Plio.
1296 3514 1339 3564 ist.

132 3617 137 3626 .
235 3575 372 3630 Miller..
806 3587 865 3641 nat
884 3579 1338 3647 v.9,tt.31,35.vl.5‚n.28,³t.

273 3649 297 3709 l)
313 3647 355 3698 Ex
364 3642 418 3696 hoe
427 3658 544 3696 recensu
557 3654 713 3708 auctorum,
723 3646 770 3712 qui
800 3648 848 3710 -19,
857 3649 899 3702 35.
919 3649 960 3708 tt.
972 3647 1014 3703 36.
1036 3647 1139 3700 Strabo
1157 3650 1192 3701 ΙΙ.
1212 3649 1338 3715 pocot

236 3713 271 3764 ‹le
289 3714 373 3766 rebus
390 3710 590 3783 geographicis
606 3715 686 3766 varia
702 3715 771 3765 scti-
805 3715 848 3769 tt.
867 3717 915 3770 ΧΙ.
933 3717 994 3768 498.
1013 3717 1145 3770 xv.ttt.
1163 3716 1338 3784 Stephssyc.

236 3788 547 3919 τιταίνετον
572 3782 771 3919 tgtttutl·
804 3777 1019 3921 η’κίίν
1036 3778 1338 3924 tunneto

355 3886 363 3913 ‚
763 3887 770 3902 ,
949 3880 1009 3906 ,..
1034 3889 1035 3892 ,

234 3917 429 3972 'Timosthenes
447 3917 579 3971 Straboni
601 3917 770 3987 [libum]
805 3889 970 3988 δεύτεραίοα
1002 3922 1070 3975 cod.
1100 3922 1190 3976 Paris.
1216 3923 1360 3990 Μαντίου,

236 3986 340 4038 dicitur
359 3985 484 4053 Τιμοσθί
519 3983 568 4050 ςιί
585 3987 633 4041 καί
648 3981 715 4049 τούς
732 3989 769 4040 λι-
804 4005 857 4041 nus
881 3991 942 4057 ipsc
966 3994 1004 4051 (ν.
1029 4006 1056 4058 p.
1075 3990 1124 4059 tt)
1151 3991 1233 4058 plura
1258 3991 1336 4044 dedit

235 4049 321 4122 μένας
345 4005 534 4120 σνντάξαςνίν
560 4052 628 4110 δέκα
652 4055 682 4127 [ii
702 4059 768 4118 λοις.
805 4058 840 4109 de
858 4057 1051 4111 'l'intos'thcnis
1070 4059 1160 4113 libris.

236 4117 377 4192 ναύαρχος
410 4123 462 4176 τού
499 4120 633 4192 δευτέρου
695 4127 769 4178 τολε·
837 4126 864 4188 2)
890 4129 971 4189 Quod
1000 4127 1137 4180 secundas
1171 4129 1201 4177 in
1240 4127 1337 4194 quasis

233 4191 331 4259 μαίου,
353 4190 388 4245 V.
406 4191 584 4244 Harduinnsn
601 4195 631 4244 in
649 4193 721 4246 Plin.
741 4209 768 4261 p.
804 4194 956 4261 disciplina
985 4202 1079 4262 partes
1112 4196 1271 4260 obtineret,
1308 4196 1335 4244 in

239 4261 286 4314 tat
308 4271 337 4313 ct
356 4260 487 4314 Vossium
506 4261 540 4315 de
565 4259 631 4316 hist.
656 4276 699 4331 gt.
719 4263 767 4315 lib.
803 4263 881 4316 nulla
900 4266 1012 4331 primas.
1035 4265 1068 4320 V.
1085 4263 1222 4318 llarduin.
1242 4279 1268 4331 p.
1280 4264 1348 4314 itt:
