2872 4814
341 341 428 400 ΤΗΣ
451 341 672 402 ΜΕΓΑΛΗΣ
688 343 948 410 ,ΘΑΛΑΣΣΗΣ
1135 351 1198 414 ein

92 521 263 606 παράπλους
282 524 334 588 ἐπὶ
354 521 406 600 τὰς
427 526 585 609 Ιίορσίαςι
611 527 692 590 erud.
716 524 771 590 αι’.
795 527 869 594 llud
892 532 1036 615 Κορσίοον
1057 534 1101 610 είς
1124 537 1197 618 Μη-

90 622 159 702 νόας
177 627 258 689 arod.
280 623 334 688 πεί
374 623 426 688 ’Es
447 631 502 708 τῆς
521 623 655 708 Κοραίαρ
677 623 837 711 ειίοίννρον
857 630 934 712 ἔχων
954 628 1012 714 τὴν
1032 637 1193 720 Ιίοροίαν2

92 724 131 799 είς
149 720 204 788 τὸν
227 726 350 801 Ναξίων
372 724 566 810 Πάνορμονθ
591 727 672 790 erud.
695 723 742 803 ξεί
764 725 838 794 Ἀπὸ
860 735 940 795 τοῦ4
964 731 1132 819 Henippen
1154 737 1199 815 είς

91 889 124 944 ad
133 887 281 950 Corassias
290 903 335 950 est
349 893 510 951 stadiorum
523 895 568 953 85.
577 897 602 953 A
611 894 754 956 Cornssiis
762 896 797 954 ad
806 895 935 956 Minoam
946 900 1041 958 stadia
1049 903 1095 960 85.
1105 905 1130 961 A
1141 903 1198 962 Co·

89 968 186 1062 rassiis
196 966 362 1027 Gorassiam
375 973 495 1028 sinitra
502 971 633 1044 habenti,
649 974 685 1030 ud
702 973 877 1032 Panormnrn
884 973 1047 1034 Nouiorum
1065 979 1139 1038 stad.
1149 981 1195 1040 65.

76 1135 129 1228 'tui
146 1145 222 1199 licet.
257 1149 337 1210 Quae
356 1154 510 1232 sequnntm⁸
526 1150 623 1203 verba:
658 1151 785 1221 Πλησίον
801 1147 834 1205 δ’
851 1147 972 1236 ἐστίικαὶ
987 1150 1007 1237 ᾖ
1020 1152 1136 1225 Ποίιμος
1150 1159 1200 1214 καὶ

93 1213 145 1268 Καὶ
168 1211 185 1268 ὁ
209 1211 451 1284 παροίνιίονρίνιί
472 1234 523 1280 τας
551 1223 625 1288 Κορ·
659 1223 702 1274 Κο
724 1219 828 1288 ασσίαι,
860 1239 931 1289 προς
962 1223 1044 1276 dorm
1074 1226 1199 1296 κείμεναι

93 1283 149 1346 σίας
166 1280 270 1338 σανίδια
287 1281 339 1351 sra',
360 1286 407 1336 vix
429 1284 513 1338 aliter
536 1287 622 1340 inter·
659 1289 694 1359 τῇ
714 1290 824 1360 Ιιαρίρι,
842 1283 914 1358 orden
935 1286 966 1346 δὲ
985 1288 1084 1363 Σαίμφ.
1120 1297 1201 1350 llaec

92 1353 225 1418 pretende
244 1361 310 1404 suut
328 1353 381 1404 nisi
397 1354 452 1405 sies
467 1355 492 1408 si
508 1357 572 1424 quis
588 1356 625 1408 ad
659 1359 815 1424 descriptio
833 1359 905 1410 situs
923 1357 1009 1423 feeit,
1036 1369 1068 1414 ut
1086 1364 1200 1432 quidam

93 1422 233 1474 Gorassias
244 1423 429 1490 navigaturus
441 1428 494 1490 est,
518 1425 543 1476 i
553 1423 625 1477 hunc
660 1426 793 1478 Cerasias
811 1427 938 1494 putarint
970 1443 1032 1482 esse
1058 1432 1125 1483 illus
1144 1435 1199 1486 duo

93 1493 626 1615 illeille“sitieritll:
659 1495 814 1616 nella
845 1497 1237 1624 laiell‘isiffliimrii'

93 1627 197 1691 damus,
220 1598 352 1680 mensura
376 1639 455 1681 recta
480 1597 625 1683 esse'umr
659 1579 771 1700 pepipm
789 1647 843 1683 non
867 1597 963 1700 potes’t
988 1635 1104 1688 dubium
1129 1637 1202 1702 erse,

93 1704 193 1762 potest3
226 1704 285 1750 tam
304 1699 400 1765 paucis
425 1699 498 1750 enim
524 1699 626 1751 stadiis
661 1701 728 1769 quin
747 1715 798 1752 eae
816 1699 889 1752 duae
906 1701 1036 1766 insulae,
1061 1721 1134 1774 quae
1158 1709 1201 1759 in·
1236 1688 1245 1710 N
1337 1726 1341 1736 ·

93 1767 135 1818 rix
172 1782 273 1818 cursus
306 1767 343 1818 ab
375 1767 474 1818 ultima
514 1768 625 1820 insulae
660 1766 886 1821 terLebinthum
902 1770 975 1824 sitae
990 1779 1056 1824 sunt
1068 1775 1201 1828 etAmor-

95 1842 184 1901 parte,
202 1851 276 1905 quae
295 1835 333 1887 ad
354 1837 492 1888 orientem
505 1843 625 1904 spectat,
660 1851 734 1907 gon,
760 1853 777 1888 a
794 1837 936 1890 veteribus
956 1839 1146 1908 Corasiae,
1170 1844 1200 1896 id
1227 1875 1231 1879 ·

92 1905 183 1958 confici
202 1910 313 1971 potest,
332 1905 433 1956 nedum
452 1906 626 1970 conficiatur,
661 1913 705 1958 est
720 1904 831 1958 insulae
849 1921 995 1960 corvorum
1019 1909 1136 1977 plenae,
1161 1913 1203 1964 dr.

93 1989 148 2024 rum
168 1983 236 2026 ante
261 1979 323 2024 tota
350 1975 443 2026 insula
467 1982 627 2040 praeterra-
662 1985 726 2027 ctae
743 1975 810 2028 siut.
842 1974 874 2028 Si
894 1979 1038 2031 sententia
1056 1977 1126 2033 liaeo
1144 1987 1203 2034 est:

92 2041 179 2094 lenda
203 2049 283 2104 erat,
316 2043 362 2110 qni
395 2041 519 2094 fortasse
550 2043 627 2095 solus
662 2042 697 2094 ab
723 2050 850 2096 extrema
873 2045 968 2096 insula
991 2063 1025 2099 ao
1049 2050 1203 2102 secundnm

95 2126 185 2162 cursus
204 2117 253 2162 tot
270 2111 373 2162 stadiis
390 2111 549 2166 conficitur.
570 2111 627 2164 Sed
660 2113 783 2163 insulam
811 2127 899 2180 usque
930 2115 965 2166 ad
991 2118 1122 2172 Cerasias
1146 2126 1203 2172 sta·

89 2178 139 2232 hoo
154 2182 326 2240 omittamus,
341 2180 424 2231 modo
438 2175 490 2230 hoo
504 2186 626 2242 constet,
662 2181 716 2232 diis
741 2180 870 2249 navigari
889 2183 1039 2252 octoginta
1072 2189 1203 2256 quinquo,

94 2249 626 2316 ascriptoreverbistraussoriprisour·
660 2247 732 2300 liaeo
748 2263 879 2300 mensura
898 2264 959 2302 cum
981 2268 1016 2304 ea
1033 2269 1107 2321 quae
1124 2262 1203 2309 ante·

93 2333 145 2369 sum
166 2317 278 2370 deliniri
303 2317 338 2368 ab
365 2319 481 2387 Amorgi
499 2324 628 2370 extrema
662 2317 739 2370 cedit
756 2324 924 2384 comparata
940 2319 1016 2372 insto
1034 2323 1127 2375 minor
1144 2326 1202 2374 exi-

93 2393 165 2453 parte
179 2386 354 2438 occidentali
367 2386 404 2438 ad
420 2387 565 2438 Coruinius
582 2401 628 2436 us·
661 2386 774 2438 stimari
792 2387 891 2449 debeis
909 2401 1028 2457 cumque
1045 2392 1093 2443 rix
1106 2391 1202 2444 videa·

93 2471 142 2522 que
156 2456 284 2516 insulam
302 2454 352 2506 sed
373 2469 428 2506 uon
446 2455 517 2506 setis
542 2451 628 2505 habet
662 2459 711 2505 tur
728 2454 800 2503 sumi
822 2467 919 2519 posse,
944 2471 961 2506 a
984 2456 1125 2524 scriptore
1149 2455 1204 2511 hoo

93 2520 140 2574 hoo
161 2521 342 2576 intervallum
373 2521 549 2583 definivisse,
566 2521 629 2572 vult
662 2527 772 2574 tantum
800 2521 872 2582 dici,
906 2528 976 2590 quot
1008 2526 1071 2593 quis
1101 2527 1202 2580 stadiis

93 2593 172 2644 etiam
190 2593 271 2654 seiri,
292 2595 363 2658 quot
374 2591 476 2642 stadiis
492 2607 510 2643 n
528 2593 630 2642 Coras·
662 2598 781 2657 propter
804 2590 925 2642 insulam
959 2589 1064 2645 vehens
1088 2609 1201 2646 cursum

95 2661 189 2712 siisad
207 2661 325 2728 Amorgi
344 2659 455 2710 insulae
474 2665 629 2711 extremam
663 2658 813 2720 conficiat,
833 2672 905 2716 ,non
941 2660 1054 2713 ridetur
1085 2662 1201 2715 dubium

92 2735 195 2796 partem
259 2727 424 2780 orientalem
483 2727 628 2794 navigatio
664 2741 744 2787 esse,
762 2728 828 2792 quin
853 2742 871 2777 a
888 2725 1007 2780 librario
1032 2731 1202 2784 antecedens

94 2799 269 2859 conficiatur;
295 2813 358 2848 nam
384 2795 438 2847 hue
461 2797 515 2846 nisi
534 2795 628 2845 dicere
663 2796 701 2846 sit
720 2808 852 2845 mensura
869 2800 966 2847 rectae
985 2796 1149 2853 substituta.

92 2867 239 2929 voluisset,
270 2867 316 2916 rin
349 2863 419 2916 haee
452 2863 627 2914 addidisset:
695 2863 723 2924 2)
741 2862 808 2912 Cum
826 2861 956 2915 additum
979 2866 1031 2916 sit:
1056 2867 1203 2921 sinistram

92 2929 146 2989 Ἀπό
163 2934 297 3003 Καρνίων
324 2932 362 2996 εἰς
378 2927 497 3002 Μηνόας
524 2926 628 2984 στάδια
663 2928 769 2982 liabens
787 2933 946 2983 (tarassiam
973 2935 1080 2996 (maior
1106 2942 1202 2990 autam

93 3001 138 3072 na',
156 3020 206 3056 neo
225 3017 346 3070 unquam
369 3008 431 3053 toto
451 2999 560 3067 periplo
586 2998 627 3050 fa·
661 2999 783 3067 intelligi
807 2999 920 3062 debet),
947 3001 1111 3072 redigitur,
1137 3020 1202 3074 por.

94 3083 163 3124 ctum
181 3079 242 3134 est,
265 3077 296 3132 ut
314 3085 410 3121 cursus
435 3071 470 3120 ab
493 3084 548 3120 uuo
576 3069 627 3120 ali·
661 3076 722 3120 tum
742 3067 852 3120 insulae
874 3077 923 3121 ant
941 3071 978 3123 ad
996 3073 1135 3126 orientem
1153 3082 1205 3128 aut
1229 3098 1232 3104 ¹

95 3155 144 3208 qno
167 3143 233 3194 loeo
257 3139 293 3190 ad
320 3139 440 3192 alterum
461 3138 505 3188 bis
532 3137 627 3210 trada-
662 3139 697 3190 ad
716 3143 813 3188 notum
831 3136 930 3190 luisse.

95 3218 142 3263 tur.
171 3213 253 3274 Quae
271 3211 293 3259 si
313 3215 391 3260 reete
409 3207 626 3273 disputavimus,
698 3204 725 3270 3)
745 3207 812 3256 Cum
831 3205 918 3258 verba
937 3199 1081 3276 ίῖφορμος,
1098 3206 1205 3276 adrep-

95 3277 220 3342 elicitur,
240 3277 337 3330 urbem
347 3277 474 3327 Minoam
491 3276 520 3326 iu
537 3282 630 3327 extre·
663 3290 715 3340 μος
740 3269 877 3341 leprisque
901 3277 1065 3341 saepissime
1089 3279 1119 3329 in
1151 3277 1205 3330 hue

95 3361 135 3398 ma
150 3347 263 3399 insulae
278 3352 374 3414 parte,
393 3361 464 3414 qnae
482 3343 517 3396 ad
536 3351 630 3394 ortum
664 3341 773 3408 periplo
785 3342 960 3409 aliorumque
974 3343 1204 3412 geographorum

95 3423 208 3482 spectat,
229 3415 351 3481 positam
376 3411 472 3466 fuisse.
508 3414 549 3464 Ao
566 3426 630 3463 cum
663 3409 746 3460 libris
770 3414 907 3476 usurpata
938 3410 996 3462 sint
1028 3427 1081 3464 neo
1110 3420 1205 3466 tamen

95 3484 120 3534 io
144 3485 250 3536 tabulis
276 3483 306 3533 in
345 3481 478 3535 orientali
513 3480 630 3548 Amorgi
664 3478 734 3529 satis
758 3478 795 3530 de
823 3493 919 3530 eornm
947 3479 975 3531 ri
1006 3486 1206 3551 potestateque

96 3567 142 3604 ora
157 3568 289 3622 magnum
309 3552 436 3620 satisque
460 3549 629 3619 profundum
665 3547 1006 3612 constare,videatur,non
1020 3549 1143 3602 alienum
1154 3565 1205 3604 no-

95 3621 179 3672 sinum
198 3622 370 3687 descriptum
386 3620 548 3681 videamus,
574 3622 629 3668 sta·
658 3613 858 3702 ‘pisvisumesp
873 3616 909 3670 de
923 3632 957 3670 ea
970 3614 1041 3670 haee
1054 3619 1203 3675 disserere.

96 3699 170 3742 tuere
189 3692 275 3758 lieet,
300 3691 336 3740 ad
355 3703 418 3742 eum
438 3689 562 3740 Minoam
581 3699 631 3752 po·
675 3684 808 3751 Τφορμοο
825 3689 893 3749 (οπο
907 3686 1034 3738 additum
1052 3692 1206 3754 propterea

96 3759 172 3810 sitam
209 3757 314 3820 luisse3
349 3773 382 3809 ao
419 3755 539 3809 fortasse
578 3753 632 3806 hoo
666 3761 726 3815 est,
749 3753 826 3821 quod
857 3755 925 3806 litus
960 3754 1024 3823 plus
1056 3755 1206 3826 minusque

96 3826 154 3878 loco
188 3821 270 3896 ίιμήν
295 3819 477 3890 luits'euius
513 3841 531 3876 a
564 3822 633 3890 Sey·
666 3835 752 3888 super
770 3837 848 3875 mare
866 3823 980 3887 eminet>
1002 3822 1096 3876 locum
1117 3826 1205 3896 sigui·

97 3894 154 3947 lane
172 3899 278 3948 mentio
304 3896 352 3958 lit,
378 3894 523 3964 qui·haeo
546 3891 632 3944 dicit:
667 3889 749 3952 linat,
774 3890 822 3942 ubi
847 3897 951 3945 natura
976 3891 1069 3944 litoris
1094 3909 1128 3947 ea
1152 3902 1207 3960 est,

98 3955 228 4033 Ἀμορρὸς,
244 3956 315 4032 αὕτη
327 3961 510 4033 ιρίνιοίιςιιαί
521 3957 612 4028 ίιμὴν.
666 3963 699 4040 nt
716 3973 801 4011 naves
819 3975 875 4010 non
892 3959 978 4012 modo
996 3960 1033 4012 ad
1057 3961 1088 4014 id
1112 3963 1209 4084 appel·

129 4033 152 4096 l)
170 4035 228 4085 lam
247 4033 477 4100 supradiximus,
494 4029 548 4080 hoo
567 4029 641 4080 loeo·
666 4027 688 4078 ll
716 4033 835 4095 queant,
868 4035 946 4080 certe
972 4036 1051 4081 certo
1083 4045 1138 4100 quo
1162 4047 1206 4086 am

100 4114 151 4152 non
169 4103 333 4164 Corsiae,
350 4101 404 4154 sed
430 4099 632 4151 Gorassias
664 4095 745 4156 loeo,
764 4097 935 4160 sedetiam,
957 4098 1036 4166 quod
1052 4100 1131 4152 istud
1148 4115 1207 4152 uuo

99 4166 435 4222 sireCorasiasdicl.
473 4170 575 4221 Earum
597 4164 633 4216 si·
666 4164 714 4216 rel
739 4164 850 4216 duobus
882 4165 954 4228 locis
986 4167 1017 4218 in
1042 4182 1120 4221 mare
1144 4169 1208 4236 plus
1297 4159 1304 4176 ⁴

99 4238 263 4294 tumstrabo
272 4239 410 4292 describit
423 4240 472 4300 sic,
487 4237 521 4289 x.
530 4250 557 4303 p.
565 4233 632 4286 4⁰9:
665 4232 792 4287 minusve
810 4234 980 4302 promineat,
1004 4241 1086 4290 tutae
1104 4253 1122 4289 a
1140 4244 1208 4292 tens·

947 4313 1000 4384 '18
