2846 4812
255 383 315 443 lto
527 375 770 435 MENIHHOT
795 375 1103 437 ΠΕΡΓΑΜΗΝΟΤ

148 631 150 640 ,
253 563 295 638 είς
317 561 392 643 μηδὲ
420 565 474 624 τού
498 562 660 642 προοιμίου
689 565 743 623 τοῦ
772 545 1034 641 μνημονενθὲντος
1061 559 1266 643 ἀποσχέσθαι,
1294 559 1351 625 α’λλ’

144 653 161 743 ἰ
253 661 357 736 adroic
403 660 497 736 λέξεσι
550 657 672 722 κοίκεῖνο
713 663 769 721 τοῦ
825 659 940 723 οἰκείου
996 669 1160 743 προθεῖναι
1209 659 1351 744 συγγράμ-

253 787 353 841 ματος.
386 759 476 842 ὅμοια
500 741 537 821 ’δὲ
569 758 687 833 τούτοις
723 760 774 820 καί
808 759 840 820 oi
871 757 957 821 δίλλοι
985 757 1195 838 πεπόνθασιν,
1230 759 1352 842 οἷσοφεῖς

254 862 304 924 καί
334 860 559 941 πεπλανημένας
579 857 647 935 Ινδις
676 855 809 932 ἐκδόσεις
837 855 1045 938 ποιησάμενοι.
1082 858 1297 940 Ἀρτεμίδωρος
1324 858 1351 920 δὲ

130 973 133 988 “
246 960 270 1025 θ
292 959 428 1040 Ἐφέσιος
446 957 644 1043 γεωγράφος,
660 956 734 1022 κατά
760 953 838 1040 τὴνι
858 955 926 1039 ρξθ’
947 954 1135 1039 Ὀλυμπιάδα
1156 955 1303 1042 γεγονοδς,
1321 955 1351 1020 εδ

32 1049 41 1068 ⁴
144 1085 148 1092 ·
253 1061 501 1142 πλεῖστον’μίρος
522 1067 575 1140 τῆς
598 1057 681 1135 ε’ντδς
701 1059 752 1125 καί
772 1057 843 1122 καθ’
858 1058 964 1140 ἡμεῖς’
982 1056 1184 1140 τυγχανούσης
1204 1056 1351 1137 θαλάσσης

195 1163 198 1173 “
255 1156 504 1243 ἐκπεριπλεύσας,
532 1159 719 1242 θεασάμενος
749 1159 781 1222 δὲ
808 1157 859 1222 καί
878 1153 935 1238 τὴν
954 1161 1050 1237 νῆσον
1071 1154 1107 1221 εδ
1132 1156 1279 1238 Γάδειρα,
1308 1158 1350 1219 καί

251 1259 327 1342 μέρη
347 1255 414 1320 τινά
431 1265 486 1339 τῆς
500 1257 585 1334 ἔκτδς
600 1259 790 1338 θαλάσσης,8
811 1255 851 1337 ἣν
867 1253 1001 1319 ω’κεανδν
1014 1261 1148 1335 καλοῦσι,
1165 1263 1219 1337 τῆς
1231 1255 1351 1341 (98)μὲν

256 1356 400 1440 ἀκριβοῦς
420 1362 607 1439 γεωγραφίας
627 1362 766 1433 λείπεται,
787 1354 841 1420 τὸν
863 1356 895 1420 δὲ
915 1361 1083 1438 περίπλουν
1103 1363 1156 1440 της
1175 1357 1349 1439 ἐντδςἩρο-

250 1459 352 1522 κλείου
373 1463 519 1537 πορθμοῦ
551 1455 724 1536 θαλάσσης,
756 1455 807 1518 καί
835 1453 892 1536 τὴν
920 1457 1124 1540 α’νοιμέτρησιν
1150 1455 1261 1539 ταύτης
1287 1454 1349 1539 μετά

251 1563 304 1640 της
333 1552 547 1638 προσηκούσης
574 1556 742 1646 ἐπιμελείας
771 1555 803 1618 ἐν
834 1555 938 1621 ἕνδεκα
972 1560 1113 1640 διεξῆλθε
1142 1557 1289 1639 βιβλίοις,
1312 1555 1350 1629 'cic

251 1656 435 1737 σαφέστατον
465 1654 514 1717 καί
541 1653 754 1738 α’κριβίστατον
775 1657 941 1738 περίπλουν
961 1664 1016 1740 τῆς
1036 1655 1107 1720 καθ’
1127 1654 1209 1738 η’μοῖς
1230 1653 1349 1738 οίναγρά-

251 1773 310 1836 ψαι
330 1752 495 1836 θαλάσσης.
525 1758 691 1832 Μένιππος
712 1755 745 1820 δὲ
766 1753 782 1818 ύ
807 1749 1032 1839 Περγαμηνὸς4
1055 1756 1107 1819 καί
1127 1753 1218 1831 αύτδς
1238 1761 1292 1836 τῆς
1311 1756 1349 1818 ἐν·

251 1853 303 1932 τδς
331 1851 486 1934 θαλάσσης
512 1857 679 1938 περίπλουν
699 1857 732 1919 ἐν
751 1856 850 1936 τρισὶν
870 1856 1000 1938 ἤθροισε
1028 1857 1174 1938 βιβλίοις,
1203 1853 1349 1937 ἱστορεκύν

251 1980 317 2019 τινα
345 1957 397 2018 καὶ
422 1952 632 2038 γεωγραφικὴν
661 1955 823 2038 ἐποιήσατο
850 1955 906 2038 τὴν
941 1956 1125 2039 ἐπαγγελίαν.
1166 1952 1236 2044 ἔγω,
1257 1955 1349 2018 τοίνυν

252 2053 375 2118 πάντων
396 2060 457 2117 τῶν
478 2056 749 2137 μνημονευθέντων
773 2058 939 2140 προκρίνας
957 2053 1176 2139 Ἀρτεμίδωρον
1199 2053 1254 2118 τὸν
1272 2053 1349 2134 Ἐφί-

252 2177 318 2219 σιον
347 2150 494 2236 ἐπιτομὴν
519 2149 580 2218 ιοίν
607 2154 713 2220 ἕνδεκα
738 2156 865 2239 βιβλίων
890 2160 946 2220 τού
973 2155 1236 2238 μνημονενθὲνεος
1256 2155 1348 2235 duosq-

253 2252 371 2337 σάμην,
392 2255 540 2338 προσθείς
560 2254 611 2318 καί
633 2255 663 2332 ίξ
685 2255 794 2337 ἕτίρων
814 2260 949 2319 παλαιῶν
970 2251 1007 2318 τά
1027 2255 1209 2336 ἐλλείποντα.
1231 2254 1281 2318 καί
1300 2250 1349 2334 τὴν

251 2356 396 2438 διαίρεσιν
415 2358 477 2418 τοῖν
498 2351 540 2417 ια’
560 2356 686 2438 βιβλίων
703 2352 855 2440 φυλάξας,
877 2353 918 2432 είς
939 2354 1062 2437 μετρίαν
1082 2353 1137 2436 μὲν
1156 2356 1347 2439 γεωγραφίαν,

252 2505 1045 2675 fttttlttltltflitfflzi“itti”tillidi
1061 2515 1347 2676 illinistis

250 2677 351 2732 suerit.
381 2674 495 2732 Similia
515 2674 560 2732 his
580 2641 678 2732 et’alii
697 2677 828 2752 plerique
848 2675 1003 2744 admisere,
1023 2675 1235 2750 descriptiones
1255 2675 1346 2731 obscu-

251 2770 299 2809 ras
326 2762 355 2808 et
382 2763 514 2808 errorum
540 2753 641 2827 plenos
665 2751 859 2830 divulgantes.
898 2749 1102 2808 Artemidorus
1122 2770 1192 2810 sero
1213 2749 1346 2825 Ephesius

252 2825 455 2904 Geographus‚
476 2828 525 2902 qui
544 2827 645 2885 floruit
665 2827 782 2904 quidem
801 2829 880 2884 circa
900 2824 1102 2904 Olympiadem
1123 2827 1185 2884 169.
1200 2829 1346 2884 maximam

250 2921 320 2961 rerc
347 2913 460 2976 partein
487 2904 576 2960 maris
603 2904 751 2961 interioris
779 2904 933 2978 nostrique
948 2904 1238 2981 -eireumnavigsrit,
1267 2911 1345 2976 atque

251 2980 338 3035 etiam
359 2979 390 3033 in
410 2989 597 3052 conspectum
618 2990 772 3054 provectus
799 2990 845 3036 est
871 2977 983 3036 insulae
1004 2977 1146 3049 Gadium,
1175 2987 1206 3034 et
1231 2979 1346 3053 partium

250 3051 431 3128 quorundam
449 3056 538 3110 maris
559 3056 731 3126 exterioris,
761 3054 839 3130 quod
866 3071 1006 3110 oceanum
1032 3055 1199 3129 appellant,
1225 3073 1244 3111 a
1270 3051 1345 3110 laude

251 3127 366 3204 quidem
387 3127 589 3205 Gecgrophioc
609 3141 743 3187 accurate
762 3133 851 3208 longe
870 3130 961 3186 abest.
983 3128 1131 3204 Periplum
1150 3139 1247 3187 autern
1266 3130 1344 3186 maris

245 3205 329 3260 intro
349 3203 457 3260 fretum
477 3203 671 3274 Herculeum,
692 3206 879 3282 eiusdemque
899 3205 1128 3277 dimensionem,
1155 3225 1190 3262 ea
1209 3224 1282 3281 quae
1300 3221 1344 3281 pst

251 3291 297 3337 est
315 3299 401 3351 cura,
426 3283 457 3338 in
483 3281 619 3338 undecim
643 3282 726 3340 libris
751 3293 943 3358 persequutus
968 3292 1029 3338 est:
1055 3281 1127 3338 adeo
1151 3289 1186 3336 ut
1210 3283 1343 3357 preriplun

251 3359 345 3414 nostri
365 3358 453 3413 maris
473 3359 667 3415 clarissimum
685 3368 717 3416 et
735 3357 986 3415 accuratissimum
1006 3356 1192 3432 descripsisse
1210 3357 1343 3414 videatur.

250 3431 403 3507 Menippus
422 3451 493 3490 vero
511 3432 708 3511 Pergamenus
729 3444 758 3491 at
777 3436 840 3509 ipse
858 3433 1009 3490 interioris
1029 3435 1119 3490 maris
1139 3433 1281 3507 periplum
1301 3433 1344 3488 tri·

250 3508 303 3564 bus
323 3510 354 3565 in
373 3507 456 3564 libris
478 3511 645 3585 complexus
659 3513 720 3582 est,
741 3511 941 3569 narrationem
956 3508 1100 3586 quandam
1114 3506 1296 3566 Historicam
1312 3507 1344 3562 si·

249 3586 309 3640 mul
335 3594 366 3640 et
394 3584 626 3661 Gecgrsphieam
650 3586 771 3642 faciens.
810 3584 875 3663 Ego
901 3585 992 3662 igitur
1016 3584 1232 3642 Artemidorum
1258 3581 1343 3660 Ephe·

250 3661 324 3716 siunr
344 3661 468 3716 caeteris
492 3663 625 3718 omnibus
650 3664 708 3718 iam
735 3662 902 3718 memoratis
928 3659 1113 3737 praeferens,
1139 3660 1274 3717 undecim
1297 3658 1343 3716 siri

165 3803 169 3818 .
251 3735 411 3809 supradicti
430 3734 571 3794 librorum
592 3740 737 3813 epitomen
763 3736 836 3808 leci,
864 3740 964 3813 paucis
990 3755 1064 3812 quae
1090 3734 1292 3794 desiderantur
1312 3751 1343 3790 ex

249 3820 382 3866 vetemrn
409 3810 475 3868 aliis
503 3812 643 3886 adiectis,
671 3823 843 3890 servataque
870 3813 1013 3869 divisione
1041 3811 1186 3868 undecim·
1201 3812 1342 3877 librorum,

228 4005 332 4057 'euius
356 4008 506 4058 meminere
530 4003 650 4066 Strabo,
675 4004 783 4072 Harpe·
818 4004 956 4069 lloeaclr.,
992 4006 1063 4074 quod
1100 4020 1156 4060 rec.
1192 4007 1288 4066 Miller
1318 4007 1342 4053 st

249 4075 367 4136 cretico,
389 4071 546 4142 Stephanus
564 4073 672 4126 lluds.
817 4087 878 4128 nos.
1128 4134 1131 4140 ¹

285 4144 311 4205 l)
336 4135 408 4194 sarci
432 4137 482 4211 τὴν
514 4135 664 4210 ἑκατοστὴν
693 4137 784 4210 liquo·
850 4143 879 4203 δ)
898 4137 1042 4210 θαλοίτεης
1058 4139 1166 4195 Miller.

126 4205 128 4212 ’
251 4205 318 4280 σεὴν
334 4204 451 4279 ἔννοίυηυ
467 4202 584 4278 Ὀλυμπ.
601 4211 707 4262 Miller.
850 4212 878 4274 t)
897 4203 914 4264 d
931 4205 1126 4279 Περγαμηνὸς,
1155 4201 1208 4280 [ὃς]
1232 4207 1278 4262 καί
1300 4199 1342 4260 ασί-

285 4280 313 4342 ²)
338 4278 416 4347 Lege
447 4275 496 4331 καί
526 4280 574 4346 τῆς
606 4271 672 4332 καθ’
702 4273 781 4346 ἡμᾶς·
817 4272 866 4341 cde
882 4277 988 4341 Miller,
1007 4279 1152 4332 obnitente
1170 4279 1239 4332 cod.
1259 4278 1342 4331 Pan·
