2872 4814
372 401 460 460 ΤΗΣ
485 399 975 464 meermannianam.
1162 403 1224 470 251

106 584 162 648 Ἐκ
175 578 309 648 Ῥόδουι
328 580 569 661 εἰςΑσκᾶλωνα2
593 586 673 648 cred.
691 580 752 670 lpp'.
773 582 824 650 Ἐκ
835 579 939 648 Ῥόδου
958 586 1001 662 εἷς
1017 585 1225 669 Καισάρειανῦ
1313 667 1319 678 ¹

108 687 197 758 cred.
211 681 273 773 pi.
288 679 454 748 ’Eln‘Po'dou
469 681 774 767 aieBppurdv⁴cred.
787 681 840 769 ‘px'
846 733 852 748 .
863 683 916 748 Ἐκ
924 682 1029 752 Ῥόδου
1038 689 1080 764 εἰς
1090 687 1230 754 Reddere⁵
1252 685 1255 691 ’
1363 681 1365 686 “

110 852 211 910 siriam
225 851 322 908 stadia
334 851 420 908 3600.
440 850 465 906 Ε
484 811 587 908 Rhodo
608 849 645 906 ad
660 851 804 924 Ascalone
823 851 917 910 stedia
937 855 1021 910 3600.
1041 853 1185 914 ERlono·
1198 855 1235 914 ad

109 927 291 986 Caesaream
304 927 398 984 stadia
412 928 498 984 3600.
518 925 544 984 Ε
561 925 663 984 Rhodo
674 925 711 984 ad
724 925 867 1004 Berytum
881 929 977 986 stadia
990 930 1074 988 3800.
1096 931 1235 991 ERhodo

111 1137 221 1207 palatii
239 1137 426 1207 Seragliensis
444 1137 552 1192 dicunt.
588 1135 658 1191 Nam
693 1136 797 1191 deinde
816 1153 879 1191 eum
897 1153 954 1191 non
972 1137 1102 1207 ordinem
1125 1149 1234 1195 certum

112 1212 241 1269 constat,
252 1214 333 1260 vetus
347 1207 517 1273 Byzantium
533 1221 597 1259 eom
612 1223 659 1258 oc·
693 1213 743 1260 aut
761 1223 779 1259 a
804 1208 999 1274 septentrione
1026 1209 1060 1260 sd
1089 1211 1235 1264 meridiem
1288 1261 1290 1265 .

112 1280 266 1344 cupavisse
289 1277 399 1338 locum,
433 1277 462 1327 ln
491 1290 546 1344 quo
574 1274 660 1328 hodie
693 1281 743 1328 aut
760 1281 860 1328 contra
877 1278 972 1344 sequi,
990 1277 1039 1329 sed
1058 1279 1142 1330 modo
1161 1276 1235 1333 hanc

114 1345 221 1397 domus
242 1345 422 1412 imperatoris
438 1346 591 1395 'furcarum
606 1351 658 1397 est.
693 1343 777 1396 modo
795 1344 875 1396 illam
900 1345 994 1397 dicere
1013 1346 1119 1400 orbem.
1154 1347 1235 1400 Prio-

112 1417 210 1481 Atque
227 1411 282 1464 isto
298 1414 371 1473 loco,
389 1413 417 1463 in
428 1427 482 1482 quo
499 1413 559 1466 dixi
571 1412 660 1464 fuisse
694 1413 738 1464 ris
767 1414 809 1465 rei
842 1414 999 1479 probabilis
1034 1422 1128 1482 potest
1160 1418 1234 1469 ratio

114 1497 233 1534 sacrum
252 1481 401 1548 Byzantii,
421 1496 475 1532 non
502 1481 596 1548 potuit
618 1481 660 1532 ul·
694 1480 794 1542 reddi,
811 1497 875 1532 nam
894 1483 1072 1534 statuendum
1094 1491 1152 1550 est,
1178 1499 1235 1537 non

113 1552 161 1603 lus
189 1550 224 1602 ad
250 1549 280 1600 id
307 1550 528 1602 consecrandum
551 1563 661 1600 aecem·
694 1550 869 1602 iuxtaoram
888 1549 989 1616 Syriae
1007 1553 1111 1619 peripli
1138 1561 1235 1606 aucto·

109 1618 272 1688 xmodatior
291 1634 362 1670 esse.
405 1618 490 1670 Haud
518 1618 604 1669 dubie
630 1619 660 1669 in
694 1633 762 1679 rem,
780 1617 829 1669 sed
849 1619 973 1684 Cyprum
997 1621 1117 1672 insulam
1143 1639 1160 1674 a
1177 1637 1234 1674 me-

114 1688 227 1739 vicinia
244 1687 304 1738 eius
319 1695 417 1754 portus
434 1686 499 1749 fuit,
518 1687 566 1754 qui
584 1686 661 1738 vide·
694 1687 768 1738 ridie
787 1690 900 1748 (nahra
925 1682 1165 1754 septentrione'id
1194 1691 1235 1741 ri·
1335 1733 1338 1741 .

116 1763 166 1808 tur
184 1755 262 1806 idem
280 1771 357 1814 esse,
377 1769 434 1822 quo
453 1754 539 1806 hodie
560 1754 595 1805 ad
613 1771 661 1822 pa·
695 1754 779 1806 detur
796 1769 850 1804 non
869 1753 976 1806 lactum
993 1763 1066 1819 esse)
1084 1759 1235 1810 circumve·

116 1825 224 1877 latium
242 1824 422 1892 Seragliense
442 1821 591 1877 vehuntur.
694 1830 770 1874 ctum
782 1823 890 1874 directo
905 1839 987 1874 cursu
1002 1825 1038 1876 ad
1054 1827 1146 1887 urbes,
1160 1841 1234 1894 quae

152 1893 183 1956 o)
204 1892 272 1944 cum
291 1891 344 1944 hae
362 1883 492 1948 mens'ura
509 1891 568 1944 lere
583 1905 661 1959 pror·
695 1897 905 1954 enumerantur,
923 1893 1100 1962 navigarisse
1116 1894 1153 1946 ad
1173 1911 1234 1946 eas·

118 1977 170 2012 sus
194 1959 399 2028 Agathemerus
427 1963 584 2024 consentit,
611 1962 660 2027 qui
696 1975 749 2028 quc
767 1961 917 2028 appulisse.
936 1961 1033 2014 Altera
1050 1977 1096 2031 res
1112 1964 1157 2016 rel
1177 1961 1234 2015 ior·

118 2031 156 2082 ab
182 2029 354 2080 Alexandria
381 2029 417 2081 ad
442 2030 561 2080 Lindum
588 2027 660 2080 llho-
693 2030 767 2080 tuito
786 2030 832 2080 vel
850 2029 999 2096 dignitatis
1022 2037 1073 2082 aut
1096 2039 1234 2084 mercatu·

120 2099 151 2149 di
184 2099 279 2148 stadia
310 2113 370 2148 esse
394 2099 464 2148 dicit
496 2097 659 2148 ΜΜΜΜΙ).
695 2096 869 2149 raeurhium
895 2096 995 2150 hahita
1018 2100 1130 2153 ratione
1155 2101 1235 2154 facta

120 2165 240 2220 Glarhio
272 2173 344 2218 teste
379 2165 517 2224 (Clarlre’s
554 2165 660 2218 trarels
694 2181 756 2218 csse
775 2165 897 2218 ridetur.

119 2236 180 2288 rol.
198 2235 242 2297 ll,
270 2249 296 2300 p.
313 2233 658 2300 ‘llhhldndusallhodo
729 2235 758 2298 2)
783 2234 815 2284 ln
840 2231 1004 2304 apographo
1029 2239 1073 2286 est
1101 2237 1233 2292 Ketaion.
1311 2291 1316 2298 ,

122 2305 207 2356 abest
243 2303 345 2370 viginti
385 2305 474 2354 millia
519 2317 660 2369 passuum,
696 2303 869 2370 Quamquam
888 2318 1005 2368 parrum
1024 2299 1078 2354 hoc
1099 2305 1234 2371 oppidum

122 2387 197 2440 quae
216 2382 281 2422 sunt
297 2373 358 2438 ipsa
376 2372 469 2423 stadia
492 2371 615 2424 ducenta
632 2376 661 2422 et
696 2371 799 2422 Strabo
818 2370 889 2421 dicit
907 2377 936 2422 et
955 2385 1012 2421 non
1040 2371 1145 2424 hahens
1170 2387 1235 2440 por·

122 2440 170 2492 his
197 2441 290 2490 nraior
312 2447 357 2492 est
381 2455 514 2493 mensura
539 2437 662 2509 Agathe·
695 2446 764 2502 tum,
783 2446 877 2492 tamen
896 2439 1027 2508 quoniam
1052 2440 1132 2508 regio
1150 2443 1235 2493 Asea·

122 2509 206 2571 meri,
225 2510 304 2559 cuius
321 2510 408 2559 verba
422 2509 603 2560 illustrantur
618 2505 662 2559 his
694 2508 850 2560 leniturum
868 2521 975 2576 genere
994 2508 1116 2576 quodam
1135 2524 1234 2576 caepa-

121 2576 272 2630 Strahonis
289 2577 396 2628 verhis:
408 2572 489 2630 Ἐστι
509 2573 541 2630 el
565 2572 662 2644 πρώτη
695 2592 767 2638 rum,
786 2591 858 2644 quae
875 2578 904 2627 in
923 2577 1042 2628 maxime
1065 2578 1235 2646 longinquas

122 2643 175 2714 μὲν
191 2645 294 2707 Λίνδος
319 2639 375 2698 sind
398 2648 446 2712 τῆς
469 2642 575 2708 πόλεως
598 2639 662 2697 πλέ-
696 2652 789 2698 terras
808 2645 1046 2712 exprortabantur,
1065 2646 1234 2709 excellebat,

123 2729 207 2767 overe
224 2709 253 2765 ἐν
274 2713 354 2784 δεξιᾷ
380 2711 476 2804 ἔχουσι·
498 2709 549 2782 τὴν
566 2715 660 2796 νῆσονζ
696 2711 874 2768 liehathaud
893 2712 993 2774 dubie,
1012 2720 1043 2763 ut
1066 2722 1234 2766 mercatores

123 2779 208 2842 πόλις
228 2777 274 2833 ἐπὶ
294 2778 380 2849 ὄρους
398 2780 549 2867 adponam,
566 2783 661 2834 ereio
696 2781 802 2835 Rhodii
825 2781 998 2833 creberrime
1015 2783 1085 2833 illuc
1110 2783 1146 2834 ad
1172 2769 1253 2834 cae-⁰

124 2845 221 2916 πρὸς
246 2851 482 2920 μεσημβρίαν
508 2848 662 2920 everal-
696 2850 901 2918 paepeteodas
929 2857 1126 2906 commearent.
1163 2851 1234 2902 Nam
1264 2877 1267 2884 .

124 2932 241 2972 eecce
281 2919 342 2971 καὶ
381 2914 473 2987 πρὸς
506 2912 664 2982 herede·
697 2919 1232 2984 etiamsiurhsnonportum,tannen

127 2982 447 3054 δρειμνμάλισωα.
483 2987 591 3038 Plinius
612 2983 662 3036 hos
697 2993 889 3054 opportunum
905 2986 1152 3056 locunrhahuit,
1178 3003 1234 3056 quo

125 3053 213 3105 hahet
226 3069 370 3106 numeros:
388 3056 484 3106 Distat
497 3053 611 3106 Rhodus
627 3055 661 3105 ab
696 3056 812 3124 navigia
833 3054 1019 3121 adpellerent.
1275 3065 1276 3068 ’

126 3122 299 3175 Alexandria
330 3126 454 3190 Aegypti
473 3121 661 3175 ‘DLXXVlll
731 3123 760 3184 3)
782 3125 811 3175 ln
831 3121 994 3192 apographo
1020 3123 1234 3192 esthpooluo.

127 3191 234 3252 millia,
260 3198 293 3242 ut
317 3192 443 3244 isidorus
469 3191 557 3243 tradit
582 3189 663 3256 (haee
696 3188 1232 3260 DehehnmusemendareKorodpssoev.

127 3263 301 3310 suntsutem
319 3258 590 3312 llllllltlltlDCXXlV
608 3266 663 3310 sta·
698 3261 789 3324 Quom
822 3259 894 3311 hanc
924 3261 1023 3310 urbem
1053 3261 1173 3310 scienrus
1197 3261 1233 3316 ah

127 3327 197 3389 dia),
207 3332 239 3377 ut
248 3326 458 3392 Eratosthenes,
472 3328 663 3391 ccccuxlil,
693 3328 815 3380 'Herode
831 3330 920 3394 primo
930 3327 1071 3381 conditam
1085 3343 1146 3379 esse
1158 3331 1234 3391 (nam

127 3401 161 3448 ut
177 3395 340 3459 Mucianus,
359 3398 394 3450 D.
697 3403 782 3448 antea
796 3395 943 3448 castellum
963 3395 1046 3445 modo
1063 3393 1120 3446 fuit
1145 3395 1234 3448 dicta·

164 3465 191 3527 l)
210 3464 332 3516 Estote
351 3463 404 3517 hoc
420 3464 484 3516 leco
500 3463 663 3534 intelligere
697 3480 752 3532 qne
770 3471 815 3516 est
833 3463 950 3515 turris
968 3463 1175 3526 Stratonis)
1197 3465 1233 3516 ah

127 3531 284 3600 licet,quo
302 3534 424 3585 maxime
439 3531 543 3584 Rhodii
559 3547 663 3585 merca·
698 3547 789 3600 eoque
820 3533 849 3583 in
883 3529 1022 3583 honorem
1053 3531 1234 3598 imperatoris

127 3605 210 3652 turae
228 3616 312 3654 causa
328 3603 534 3671 navigaverint.
552 3602 591 3653 Ac
605 3599 663 3652 ior·
696 3601 820 3669 Augusti
855 3599 1078 3652 Caesaream
1111 3600 1235 3667 appella-

128 3675 205 3720 tasse
227 3672 313 3722 etiam
336 3669 391 3722 hoc
420 3670 560 3738 suspicari
587 3670 664 3732 licet,
698 3675 771 3733 tam,
788 3684 824 3722 ex
841 3667 895 3721 hac
912 3677 1004 3722 tamen
1022 3684 1052 3720 re
1070 3670 1234 3723 coniectura

128 3740 272 3790 auctorem
291 3738 391 3805 peripli
408 3739 434 3790 si
452 3753 508 3790 non
522 3735 664 3791 Rhodium
698 3737 733 3790 de
751 3745 860 3801 aetate,
885 3738 922 3788 ad
948 3752 1029 3805 quem
1042 3734 1093 3788 ‹hic
1109 3738 1235 3806 periplus

128 3804 220 3857 fnisse
237 3814 267 3858 at
285 3814 363 3860 certe
377 3807 409 3858 in
433 3807 491 3860 ista
516 3806 587 3860 urhe
613 3807 664 3858 diu
697 3807 855 3876 pertineat,
872 3819 927 3857 uon
948 3810 1044 3873 potest
1059 3806 1130 3860 lieri.

128 3888 192 3926 esse
209 3879 360 3926 moratum.
389 3875 567 3928 Duosutem
585 3889 666 3944 prae·
732 3877 761 3936 4)
783 3873 1234 3943 lamScylaxhsncurhempor-

127 3948 208 3994 terea
225 3945 469 3996 commemoranda
493 3944 582 4010 duco,
609 3943 665 4012 pri·
692 3949 756 3996 ¹tum
775 3943 879 4015 hahere
898 3943 978 3994 dicit.
1015 3943 1048 3995 ld
1075 3946 1236 3997 etiamnunc

130 4023 205 4063 mum
234 4026 251 4064 a
276 4014 417 4079 scriptore
446 4012 598 4064 intervalla
622 4013 665 4062 in·
699 4013 769 4065 satis
790 4011 901 4063 celebre
920 4011 1053 4076 oppidum
1073 4020 1131 4075 est,
1149 4013 1235 4066 Bei-

131 4084 177 4132 ter
211 4079 310 4132 urhem
351 4080 479 4133 llhodom
519 4085 548 4132 et
580 4080 665 4132 urhes
697 4081 886 4134 rutdictum.
903 4079 926 4128 A
941 4080 1034 4146 Byhlo
1048 4083 1142 4134 abfuit
1155 4083 1235 4149 quin·

130 4148 287 4200 maritimas
300 4147 410 4216 Syriae,
429 4165 499 4219 quse
514 4149 593 4216 ipae
608 4163 666 4200 ma·
700 4165 754 4220 que
788 4154 818 4200 et
840 4147 942 4216 viginti
973 4149 1065 4201 millia
1094 4164 1235 4218 passuum.

132 4217 241 4268 iorihos
257 4218 449 4272 minoribusve
467 4219 541 4271 inter
558 4233 589 4271 se
603 4233 667 4284 spa·
699 4217 873 4271 Manendum
911 4221 981 4284 puto
1012 4233 1091 4280 esse,
1138 4233 1233 4285 quam·

132 4285 180 4338 tiis
197 4284 363 4355 abluerunt,
390 4287 490 4342 eadem
516 4286 571 4338 dici
594 4301 666 4352 esse,
700 4302 782 4358 quam
800 4284 935 4352 Berytos
957 4285 1040 4339 hellis
1068 4286 1194 4354 Syriacis
1207 4301 1235 4342 a
