2846 4812
246 361 307 422 rra
520 317 763 414 massanos
788 351 1095 425 nassamones

244 563 293 616 τες
321 535 383 602 dard
403 535 576 618 Ἡρακλείας
604 535 635 612 ἐς
658 537 732 600 Τίον
752 534 841 600 πόλιν
862 535 911 600 καί
933 534 1070 618 ποταμὸν
1091 533 1214 597 Βίλαιον
1236 529 1345 596 στάδιοι

245 638 413 721 τριακόσιοι
433 632 705 719 ἓβδομὴιιοντα**-).
727 634 788 699 Καί
808 633 918 699 πάλιν·
942 636 974 700 oi
993 634 1105 710 πάντες
1125 628 1187 696 dod
1214 631 1287 695 Τίον
1308 633 1346 707 είς

238 737 401 820 Ἄμαστριν
423 733 540 799 στάδιοι
561 733 732 816 slusam)
834 779 837 788 ,
1145 770 1153 794 .
1212 725 1236 740 ⁹

330 835 373 902 ll.
401 835 623 910 Καππαδοκία,
642 831 729 917 χοίρα
749 837 788 916 τῇ
808 833 931 918 Κιλιιιίφ
952 831 1191 917 πρόσβοῤῥος*),
1214 829 1257 907 ὥς
1277 850 1345 912 φησι

164 993 169 998 .
250 935 432 1010 Μένιππος·
461 933 524 1000 α’πό
547 933 692 1015 Σινώπης
721 934 764 1009 εἰς
785 932 984 1014 Εὕορχον**)
1011 930 1165 1016 ποταμὸν,
1198 930 1234 1006 ὃς
1262 929 1346 1012 ὁρίζει

155 1078 159 1085 -
249 1035 466 1119 Παφλαγονίαν
493 1037 545 1097 καί
572 1035 802 1097 Καππαδοκίαν.
813 1035 873 1114 ***)
890 1079 898 1095 .
916 1079 948 1120 ..
971 1032 1084 1115 λέγεται
1109 1031 1161 1096 καί
1188 1024 1346 1094 Καππαίό·

247 1137 412 1216 ιιισσαΆς),
429 1182 460 1198 ..
497 1135 653 1216 Διιίρηται
682 1130 707 1196 δ’
735 1129 792 1212 adp
820 1129 861 1206 ὥς
887 1135 944 1194 νῦν
971 1131 1014 1205 είς
1039 1127 1164 1213 πρώτην
1183 1128 1234 1194 aui
1255 1129 1345 1192 δεντέ·

250 1259 323 1316 ραν,
347 1231 408 1298 ἄλλ’
431 1235 474 1308 τίς
495 1234 614 1315 μείζονα
634 1232 685 1298 acl
705 1219 847 1297 ίλοίττονα
866 1229 917 1294 aad
938 1227 1049 1315 μιιιροίν
1071 1229 1122 1296 καὶ
1140 1229 1345 1314 psydlnv.††)

163 1458 165 1462 ¹
249 1432 380 1492 Bilaeum
406 1433 501 1490 stadia
531 1431 609 1492 CCC.
649 1433 755 1490 Omnia
786 1433 823 1490 ab
849 1430 992 1489 Heraclea
1016 1404 1054 1488 ad
1081 1430 1169 1487 Tium
1195 1429 1294 1488 urbem
1316 1438 1345 1484 et

122 1505 136 1599 Ἰ
248 1508 370 1566 fluvium
395 1507 526 1568 Bilaeum
554 1509 647 1566 stadia
668 1507 838 1568 cchxx.
878 1508 918 1564 Et
936 1525 1053 1565 rursus:
1079 1505 1185 1564 Omnia
1205 1525 1223 1562 a
1242 1505 1293 1563 Tio
1311 1503 1343 1560 ad

249 1585 398 1641 Amastrin
418 1581 516 1660 stadia
532 1586 647 1662 viginti.
758 1603 759 1606 ’

182 1713 190 1720 .
327 1659 361 1716 ll.
398 1658 437 1716 Ca
458 1661 596 1736 pudacior,
622 1662 704 1740 regio
731 1660 769 1716 ad
795 1667 906 1734 partem
931 1658 1131 1734 aquilonarem
1149 1655 1267 1713 Ciliciae
1285 1671 1342 1710 rer·

249 1754 332 1812 gens,
353 1738 398 1793 uti
448 1741 568 1812 enippus
589 1735 677 1794 dicit:
704 1755 722 1792 a
741 1734 850 1811 Sinope
870 1752 962 1809 usque
982 1733 1019 1790 ad
1037 1731 1205 1792 Euarchum
1223 1731 1342 1796 fluvium,

160 1823 162 1826 '
211 1871 216 1882 ,
249 1811 300 1944 φοί
318 1810 549 1896 Paphlagoniam
569 1823 599 1869 et
618 1811 828 1888 Cappadociam
848 1813 995 1867 terminat.
1014 1831 1073 1884 φ..
1102 1805 1221 1865 Dicitur
1240 1822 1342 1883 quoque

274 1887 491 1962 appadocissa..
508 1929 535 1944 ..
557 1885 660 1944 Divisa
680 1897 777 1946 autem
795 1887 870 1956 fuit,
899 1905 960 1943 uon
985 1881 1031 1942 uti
1056 1903 1150 1956 nuuc,
1177 1886 1210 1940 in
1234 1885 1344 1959 primam

196 2033 197 2036 ρ
250 1972 280 2018 et
299 1963 472 2035 secundam,
499 1963 603 2020 sedin
622 1966 760 2022 maiorem
780 1972 811 2019 et
829 1964 989 2033 minorem,
1016 1971 1046 2017 et
1073 1962 1104 2016 in
1129 1979 1249 2036 parvam
1267 1968 1342 2032 atque

250 2055 394 2114 magnam.
884 2048 888 2055 ’

161 2236 164 2244 =
250 2212 789 2284 videtur.Praetereahocquoqueoon
857 2213 881 2273 ⁴)
905 2211 1058 2264 Salmasius
1090 2210 1236 2264 emendari
1264 2206 1344 2260 voluit

250 2284 484 2349 praetereundum
514 2291 573 2346 est,
607 2281 788 2351 aStephano
822 2277 1000 2350 πρόσχωρος,
1029 2281 1079 2333 sed
1100 2282 1161 2332 sine
1185 2279 1245 2330 ulla
1268 2289 1343 2328 causa

179 2358 187 2364 ’
250 2365 273 2404 s.
299 2351 424 2414 ιι.’Τίος
452 2352 509 2402 dici
534 2348 564 2406 ἐν
587 2352 790 2421 Παφλαγονίας
855 2351 894 2412 **)
912 2348 1027 2402 Berkel.
1048 2349 1210 2402 adnotavit:
1236 2347 1342 2410 „admo-

219 2420 662 2542 u‘ooa'doano
676 2416 787 2541 illo
822 2416 1229 2538 ta.¹⁰l¹.rrrranr.⁵t
1245 2405 1343 2534 rial.

251 2553 322 2610 haec
340 2507 461 2610 derieias
476 2566 541 2609 orta
559 2565 644 2621 esset,
663 2573 719 2609 non
738 2571 786 2624 po·
820 2505 954 2608 ioozhis'ce
981 2545 1149 2623 regionibus
1174 2570 1230 2605 oon
1255 2564 1343 2618 agnes·

251 2625 293 2676 tui
313 2627 491 2694 cogitatione
505 2627 626 2694 assequi.
654 2628 787 2678 Ceterum
823 2629 892 2676 cunt
909 2622 1076 2692 geographi,
1107 2623 1238 2674 fortassis
1256 2618 1343 2672 rescri-

218 2749 221 2755 ,
252 2708 288 2746 cx
307 2690 349 2744 his
365 2693 473 2746 duobus
491 2694 562 2746 locis
581 2695 714 2756 videmus,
733 2709 788 2761 qua
821 2691 943 2743 bendum
978 2692 1016 2754 εἰς
1040 2685 1194 2760 Εὐφράτην
1220 2683 1344 2754 ποταμόν.

251 2761 363 2814 ratione
381 2763 531 2830 Menippus
551 2764 687 2832 periplum
705 2778 786 2812 suurn
822 2761 892 2811 Nam
903 2759 1007 2812 Strabo
1026 2761 1101 2824 (Xll.
1121 2777 1145 2828 p.
1162 2759 1225 2822 540)
1246 2760 1278 2809 de
1294 2756 1344 2806 lini·

252 2832 458 2896 composuerit,
495 2846 555 2882 cum
588 2831 787 2898 stephanitae
822 2829 875 2880 bus
900 2828 1096 2895 Cappadociae
1128 2829 1216 2880 rerba
1241 2827 1343 2883 iaciens,

252 2897 379 2963 Menippi
412 2899 524 2966 integro
556 2900 630 2950 libro
665 2915 715 2950 sua
740 2914 787 2950 ex·
823 2904 852 2948 et
878 2897 1084 2964 longitudinem
1107 2897 1166 2949 eius
1186 2895 1343 2952 describens,

252 2967 384 3031 carpsit.
407 3006 413 3020 .
444 2967 520 3018 Mela
539 2969 559 3020 l.
582 2969 626 3020 lli:
649 2967 719 3018 'lios
740 2982 788 3035 op·
822 2961 975 3030 Euphratis
996 2966 1150 3018 meminit.“

253 3033 363 3100 pidum,
384 3033 694 3103 Milesiorumquidem
713 3035 787 3085 colo·
857 3034 910 3095 aas)
929 3031 1057 3084 Berkel.:
1076 3034 1166 3097 „Post
1182 3032 1253 3085 haec
1268 3031 1344 3084 uerba

252 3101 316 3166 nia,
349 3101 399 3152 sed
426 3102 481 3154 iam
500 3105 553 3155 soli
570 3104 720 3173 gentisque
738 3104 788 3156 Pa·
823 3101 962 3170 quaedam
992 3103 1128 3170 temporis
1154 3102 1277 3154 duritate
1306 3095 1343 3150 rel

252 3168 435 3238 phlagonum.
825 3171 1023 3238 Epitomatoris
1064 3171 1174 3222 incuria
1220 3169 1343 3223 excidisse

286 3238 326 3300 ⁴⁴)
346 3239 416 3290 Plio.
443 3237 507 3292 hist.
534 3246 590 3292 nat.
614 3239 663 3293 Vl.
685 3243 713 3291 1:
739 3255 787 3308 op·
823 3239 941 3292 firmiter
974 3237 1041 3290 mihi
1072 3240 1237 3307 persuadeo.
1282 3237 1340 3288 Nam

252 3305 348 3375 pidum
361 3308 444 3358 'l'ium
461 3307 495 3358 ab
510 3307 649 3360 Heraclea
667 3309 789 3377 triginta
822 3307 998 3376 probandum
1011 3315 1071 3359 erat
1085 3323 1119 3359 ex
1126 3307 1268 3374 Menippo,
1285 3307 1341 3368 Cap·

254 3382 319 3427 octo
340 3375 409 3428 mill.
429 3392 570 3443 passuum.
596 3377 716 3429 Fluvios
730 3377 787 3427 Bil·
824 3375 970 3444 padociam
1003 3383 1133 3442 respectu
1170 3371 1283 3426 Ciliciae
1311 3367 1341 3420 ad

253 3444 298 3496 lis.
331 3441 443 3495 Exhoc
462 3445 526 3496 loco
546 3443 668 3497 fortasse
690 3447 788 3514 liquet,
822 3443 1041 3510 septentrionem
1069 3461 1130 3496 esse
1154 3445 1253 3506 sitaur,
1278 3436 1341 3508 quod

189 3514 193 3524 '
252 3511 375 3565 Plinium
397 3527 459 3564 esse
485 3529 565 3563 usum
587 3515 712 3582 Menippi
742 3528 788 3580 pe·
822 3515 850 3564 io
870 3510 1003 3579 allegatis
1022 3514 1116 3564 serbis
1132 3527 1186 3564 non
1202 3507 1340 3577 conspicio.

252 3579 343 3646 ciple,
383 3595 464 3647 quem
503 3583 655 3634 auctiorem
691 3589 790 3650 postea
822 3581 963 3654 Fortassis
981 3583 1067 3632 etiam
1088 3581 1245 3634 stadiorum
1261 3589 1340 3630 siume-

252 3649 343 3702 edidit
359 3648 532 3702 Marcianus.
823 3665 869 3700 rus
895 3648 1088 3700 desideratur:
1119 3665 1182 3700 nam
1208 3648 1341 3723 Menippus

288 3718 341 3779 Μ)
365 3715 504 3768 Numerus
530 3716 616 3771 εἴκοσι
641 3718 679 3780 (i.
703 3732 728 3770 e.
753 3713 788 3782 α’)
824 3718 919 3770 orbem
938 3722 1079 3769 terrarum
1101 3733 1151 3785 per
1171 3718 1341 3781 οταδιαομονε

141 3835 143 3852 ,
253 3783 390 3837 hocloco
410 3794 452 3836 est
470 3785 574 3850 falsos3
595 3801 687 3837 verum
704 3783 789 3838 habet
823 3787 841 3841 i.
861 3802 885 3838 e.
907 3786 1110 3838 dimensionem
1131 3801 1180 3853 per
1197 3784 1288 3838 stadia
1303 3779 1340 3830 de·

254 3853 391 3910 Marciani
411 3853 500 3904 editio
513 3854 657 3921 Menippei
676 3854 786 3923 peripli.
823 3854 965 3922 scr·ipsit.“

253 3920 335 3987 Apud
355 3921 503 3974 Arriauum
523 3939 548 3990 p.
570 3924 603 3972 14
621 3939 671 3989 ιφ,
691 3923 714 3974 si
733 3924 788 3974 sin·
855 3924 884 3988 †)
904 3923 1006 3974 Strabo
1025 3923 1086 3974 xil.
1107 3938 1132 3989 p.
1153 3923 1211 3975 540.

253 3987 337 4058 gulos
352 4002 478 4042 numeros
490 3991 698 4043 dimensionum
709 4000 788 4042 com·
855 3989 903 4056 ††)
922 3989 1034 4044 Berkel.
1051 3988 1135 4042 haec:
1153 3990 1239 4058 „agit
1260 3989 1340 4038 noster

155 4100 164 4106 .
254 4062 366 4124 putas,-
388 4055 513 4126 reperies
540 4061 587 4110 llo
616 4059 717 4112 stadia.
755 4060 787 4110 ln
822 4075 895 4110 nunc
923 4058 957 4110 de
984 4059 1179 4127 Cappadociae
1210 4055 1340 4109 divisione,

254 4123 391 4191 Stephani
427 4126 500 4178 libro
542 4134 620 4180 certe
657 4133 803 4180 numerus
823 4134 852 4181 et
870 4127 1044 4179 verissimum
1063 4136 1121 4190 est,
1143 4126 1265 4195 critiquis
1284 4129 1340 4171 tem·

252 4190 274 4246 σί
305 4193 425 4244 omissus
458 4203 517 4257 ests
554 4198 651 4266 itaque
683 4192 723 4250 ον’
747 4196 787 4258 ia·¹
823 4196 956 4264 poribus,
982 4203 1055 4248 teste
1076 4195 1215 4249 Strabone
1234 4190 1290 4246 Xll.
1308 4185 1340 4236 di·
1402 4183 1408 4197 ’

250 4263 289 4312 cit
307 4263 366 4313 220.
672 4323 676 4328 Ι
822 4265 910 4318 risam
936 4263 1023 4318 luisse
1050 4262 1079 4316 in
1108 4277 1264 4334 magnam
1289 4252 1338 4307 atil·
