2872 4814
232 341 301 410 Μ
444 340 734 402 ΣΤΑΔῙΑΣΜΟΣ
752 340 862 401 ΗΤΟΙ
878 341 1137 404 ΠΕΡΠῙΑΟΤΣ

233 495 371 592 τοίνυν
395 525 477 590 om
492 522 555 607 qa.
576 522 627 592 ’nn
644 521 814 601 naaman
829 522 1000 608 neemia
1025 527 1107 590 nit.
1131 522 1192 589 nr.
1211 522 1262 590 nn
1277 519 1331 591 ‘ra-

232 693 280 752 dia
291 692 358 752 350.
377 689 516 751 ERhodo
532 689 702 750 aaniduru
719 690 813 749 stedia
826 690 892 749 750.
912 689 938 749 E
951 687 1058 750 Rhodo
1073 692 1110 751 ad
1123 689 1270 770 Nesyrum
1282 701 1333 750 sta·

233 872 321 925 ducta
329 869 468 939 explicari
479 885 536 923 non
552 869 695 937 possent3i
713 873 775 936 pot·
808 874 975 921 autemeam
991 866 1079 921 facile
1094 883 1110 921 e
1124 869 1335 924 Strabonianen-

232 942 358 993 esteuim
368 939 661 1010 nonlcsignilicare:
679 953 773 1007 quae
808 937 852 988 bis
876 937 945 990 licet
963 937 1110 1000 concludi,
1134 946 1192 990 tum
1211 955 1228 990 a
1255 941 1337 992 Bean-

231 1009 382 1080 (quidquid
406 1010 450 1060 vis
476 1006 612 1078 intelligi)
639 1007 684 1058 ad
704 1022 773 1057 nia·
807 1005 911 1066 lertio,
933 1005 996 1056 viro
1016 1006 1132 1074 ingenio
1158 1008 1334 1076 doctrinaque

231 1095 270 1131 re
294 1078 481 1146 pertinet,
505 1076 589 1129 velut·
614 1076 687 1127 illud
715 1091 772 1126 ma·
808 1074 1068 1141 praestantissimo,
1083 1076 1275 1142 significatum
1288 1084 1335 1129 est.

232 1163 280 1209 re,
299 1148 452 1214 llropontis
477 1145 601 1206 dietum,
627 1143 691 1195 hinc
718 1141 772 1196 boe
806 1145 834 1193 ls
859 1159 886 1208 p.
912 1143 944 1192 81
971 1143 1006 1194 de
1035 1151 1133 1194 vetere
1159 1145 1247 1196 Cnido
1273 1144 1336 1198 liaeo

232 1231 335 1268 nomen
351 1217 479 1282 accepit,
506 1215 582 1282 quod
609 1221 675 1265 ante
702 1227 770 1279 pou·
804 1212 934 1279 scripsit:
970 1211 1226 1273 „Promontorinm
1251 1213 1335 1268 Krio

231 1293 291 1336 tum
317 1284 360 1350 (is
385 1290 429 1335 est
461 1291 554 1334 autem
587 1288 691 1348 punitus
722 1295 770 1334 eu·
805 1278 864 1331 ulta
883 1279 1030 1346 peninsula
1053 1286 1097 1334 est
1120 1281 1225 1332 isthmo
1250 1281 1336 1333 sabuli

230 1355 325 1414 rinus)
356 1357 415 1417 eet,
449 1366 511 1402 nam
548 1353 663 1402 verinum
687 1348 771 1418 ίίμνρ
804 1347 1052 1416 οοοιιοοοῑίοτοίο
1074 1345 1246 1412 commissu
1271 1349 1336 1402 banc

231 1420 356 1487 suppleri
375 1420 477 1481 debet,
497 1420 563 1488 qnia
588 1427 701 1470 veteres
720 1433 772 1469 eas
804 1417 907 1468 Strabo
939 1422 1061 1468 testatur
1085 1417 1210 1469 insulam
1244 1417 1335 1480 luisse,

232 1488 349 1557 paludes
368 1489 464 1538 dicere
488 1489 633 1546 solebant,
653 1501 725 1556 quae
752 1503 771 1538 a
804 1486 877 1536 niele
894 1499 956 1536 cum
972 1485 1041 1536 urbe
1052 1485 1141 1536 Cnido
1156 1488 1290 1539 iunctam.
1307 1487 1337 1536 ln

231 1556 424 1610 nobis-ferell
437 1573 452 1607 e
463 1571 523 1608 ere
538 1557 682 1608 dicuntur.
703 1557 768 1606 Pot·
803 1561 925 1620 utroque
943 1552 1040 1604 isthmi
1058 1559 1142 1620 (quae
1160 1563 1205 1606 est
1222 1555 1273 1607 ille
1286 1569 1338 1606 mo·

231 1635 356 1680 τείνετο
370 1624 469 1686 ποντίς
492 1626 578 1677 mani
594 1625 767 1694 significare,
804 1623 845 1674 les
859 1622 1274 1690 intelligenda)latereportus
1290 1629 1337 1685 est,

188 1755 189 1760 Ἰ
232 1693 402 1764 quaein
423 1696 535 1744 mari
556 1701 639 1755 est,
677 1694 769 1744 itaut
804 1690 1338 1758 manufactue„quor·umminor(isad

232 1764 324 1816 omnis
342 1762 435 1813 insula
453 1764 495 1812 sic
513 1761 652 1828 appellari
671 1761 770 1828 possit,
804 1760 1027 1826 septentrionem
1048 1761 1175 1826 spectat)
1204 1775 1338 1829 perangu-

232 1833 301 1883 Cum
320 1832 409 1899 igitur
426 1846 442 1881 a
461 1829 560 1881 ilbodo
584 1833 694 1884 Cariam
714 1829 770 1880 cir·
804 1834 880 1878 stum
905 1829 980 1879 inter
1004 1828 1078 1878 altas
1104 1829 1193 1880 nioles
1218 1830 1338 1896 lapidant

231 1900 461 1952 cuntronentibus
487 1902 576 1965 prima
607 1904 672 1964 post
695 1896 770 1949 Rbus
804 1895 1026 1950 habettaditum
1048 1895 1157 1965 luitque
1179 1897 1338 1950 sinedubio

164 2023 166 2036 ¹
232 1970 308 2028 dum,
325 1970 415 2035 ipsam
429 1968 559 2028 insulam,
578 1967 671 2017 insula
685 1965 770 2031 Syme
803 1966 829 2015 is
849 1963 946 2030 por'tns
980 1967 1106 2027 clausus,
1134 1967 1216 2016 cuius
1240 1965 1339 2018 Strabo

232 2043 323 2096 esset,
342 2050 402 2088 eam
422 2033 514 2085 ltbodi
542 2032 770 2088 habitatatione
803 2033 992 2098 recordetur,
1009 2034 1039 2084 in
1057 2049 1113 2101 quo
1131 2035 1262 2086 triremes
1286 2042 1339 2086 sta·

231 2111 403 2155 vocaverunt
433 2104 625 2170 μετοποντίδοι
659 2103 689 2154 id
726 2109 771 2154 est
804 2103 912 2154 tionem
953 2101 1101 2156 habebant.
1153 2103 1338 2156 llleridianurn

230 2175 332 2242 νῆσον;
356 2173 410 2222 nisi
435 2173 512 2223 aliud
538 2187 634 2235 mare,
659 2172 690 2222 in
714 2185 770 2240 quo
805 2171 1338 2239 portum,quiillomnltoanipliorluit,

231 2243 317 2308 Syme
348 2243 470 2304 iaceret,
503 2241 683 2292 statuendum
717 2247 770 2292 est.
805 2237 965 2292 effecerunt
979 2240 1073 2291 Cnidii
1094 2240 1204 2292 duabus
1221 2241 1275 2290 sibi
1294 2256 1340 2308 op·
1427 2259 1428 2280 r

231 2311 340 2363 Nomen
359 2317 455 2374 antem
469 2309 554 2378 Αίγίη
570 2309 709 2362 credibile
728 2315 772 2360 est
804 2305 908 2375 positis
922 2308 1046 2359 molibus
1064 2306 1203 2376 lapidum,
1221 2324 1292 2376 qnae
1311 2312 1338 2362 in

230 2379 341 2431 idcirco
359 2378 470 2430 insulae
490 2381 585 2430 datum
607 2393 684 2439 esse,
705 2381 772 2445 quia
805 2391 883 2429 nuere
908 2377 945 2429 ed
978 2383 1091 2429 centum
1121 2377 1210 2445 pedes
1238 2377 1337 2431 ductae

230 2448 468 2515 annavigantibus
482 2447 553 2497 solis
570 2446 720 2513 splendore
737 2446 771 2497 il·
805 2451 886 2497 sunta
905 2457 1004 2498 earum
1030 2445 1121 2498 ultera
1146 2453 1192 2497 est
1215 2445 1276 2498 iere
1301 2446 1339 2498 in·

231 2517 373 2568 luminatis
397 2528 460 2567 esse
486 2516 645 2567 ridebatur.
680 2517 771 2582 Atque
806 2518 888 2581 tegre
913 2514 1090 2582 pristinoque
1114 2519 1210 2574 statu,
1241 2515 1339 2576 altera,

229 2583 284 2636 lroc
300 2585 362 2651 ipso
383 2585 496 2634 nomine
518 2585 554 2634 ad
578 2585 694 2634 alteram
720 2577 772 2634 ali·
805 2583 898 2650 inagis
916 2597 998 2650 quam
1017 2581 1086 2635 baec
1107 2581 1244 2634 lluetibns
1269 2583 1339 2636 inter

230 2668 323 2722 quam
340 2654 532 2703 coniecturam
565 2651 665 2728 duqtns
699 2667 772 2714 suni,
807 2663 937 2702 occasum
956 2652 1158 2719 meridiemque
1185 2651 1340 2720 accedenti·

230 2729 262 2774 ut
281 2728 384 2789 putem,
401 2715 491 2789 Ἅμνὴν
508 2721 686 2772 scribendum
710 2735 772 2772 esse
805 2719 861 2770 bus
877 2720 1023 2788 exposita,
1054 2725 1165 2772 tantum
1191 2720 1243 2770 sub
1271 2720 1340 2772 niari

230 2791 317 2858 idque
365 2790 480 2841 verbum
528 2789 772 2856 interpretandum
805 2789 935 2856 conspici
954 2794 1106 2856 potest·
1129 2789 1242 2840 Paucae
1259 2803 1339 2842 areae

231 2860 260 2912 li
272 2857 435 2910 chtrein.
806 2856 917 2908 urbium
936 2858 1116 2926 antiquarum
1136 2858 1228 2925 aragia
1247 2858 1338 2924 pristi-

267 2929 293 2988 l)
313 2927 355 2977 De
369 2924 422 2976 bac
435 2925 504 2977 urbe
520 2924 590 2991 haec
603 2925 678 2992 apud
694 2925 771 2978 Stra·
806 2940 871 2976 nant
912 2932 1057 2978 testantur
1102 2926 1338 2992 magnificentiam

232 2993 335 3046 bouem
359 3001 441 3055 sunt,
473 2993 522 3046 lib.
552 2995 627 3056 XlV,
653 3010 679 3060 p.
704 2996 770 3046 bilis
805 3009 888 3061 quam
912 3009 979 3046 area
1004 2993 1087 3054 Cnidi
1116 2997 1263 3062 multoque
1285 2996 1339 3047 ior·

197 3062 199 3066 ’
231 3058 307 3115 Εἶτα
323 3061 438 3127 Κνίδος,
457 3057 511 3114 du'o
530 3059 642 3127 λιμένας
660 3060 769 3129 ἔχουσα,
804 3063 1182 3129 tassepnucioresinsanum
1197 3063 1271 3114 istud
1287 3072 1339 3117 stu·
1424 3093 1425 3112 ο

232 3123 274 3182 οἷν
292 3124 343 3183 τὸν
360 3125 456 3196 ἕτερον
473 3126 599 3183 κίειστόν
625 3126 770 3198 τριηρικὸν
804 3131 882 3181 dium
898 3130 1057 3195 barbariae,
1078 3139 1177 3182 eornin
1195 3139 1340 3198 quaesunt

230 3199 279 3253 καί
310 3193 509 3265 ναύσταθμον,
541 3198 643 3252 vaunis»
671 3199 768 3253 εἴκοσι.
805 3199 1050 3254 destruendorum.
1086 3201 1161 3250 'l'otn
1181 3215 1250 3252 area
1266 3201 1339 3252 urbis

229 3263 382 3334 Πρόκειναι
409 3262 479 3335 NJ
504 3268 587 3336 νῆσος
612 3263 682 3320 ἑπτα
706 3265 770 3321 οτοί-
804 3269 974 3336 nuncplena
992 3276 1035 3321 est
1053 3268 1252 3321 aedificiorum
1268 3271 1340 3322 diru-

232 3332 294 3399 διόρ
311 3353 370 3399 πως
386 3329 438 3404 τὴν
462 3337 647 3405 περίμετρον,
665 3331 768 3421 ύψηίὴ,
804 3341 917 3399 torum,
953 3335 1029 3389 inter
1055 3351 1137 3404 [quae
1170 3338 1249 3388 vicos
1281 3353 1338 3406 por·

228 3399 430 3472 θεατροειδ“ς,
450 3402 644 3473 συναπτομένη
659 3421 770 3488 ganum
803 3410 905 3472 tasque
934 3420 1047 3459 cernere
1075 3406 1143 3456 licet
1160 3407 1338 3475 porticusque

230 3470 303 3541 πρὸς
320 3421 506 3541 vinzacum
523 3474 707 3528 καὶποιονοα
725 3473 768 3526 dl·
803 3470 981 3542 theatraque.
1019 3477 1062 3526 lix
1080 3473 1229 3526 llerodoto
1257 3490 1338 3543 appa·

229 3543 315 3594 nolin
340 3539 448 3610 τρόπον
472 3537 538 3594 τινοὶ
563 3537 613 3610 τὴν
643 3543 768 3602 Κνίδον·
802 3547 855 3603 ret,
875 3543 1023 3609 'l'riopium
1042 3543 1220 3609 peninsulam
1245 3541 1339 3605 luisse,

229 3605 303 3663 sold
323 3605 376 3678 quiq
400 3606 485 3678 μέρος
510 3602 596 3679 αὐτῆς
622 3609 695 3663 aluei
717 3605 769 3680 τὴν
803 3610 1064 3678 eumqueisthmus
1089 3617 1198 3663 tantum
1218 3613 1338 3682 quinque

229 3680 332 3761 viique,
368 3672 560 3762 mendicatarum
591 3670 769 3766 uipqose'poqe
802 3684 879 3730 esset
911 3681 1086 3742 stadiorum,
1113 3680 1230 3760 Cnidios
1262 3695 1339 3733 suan

229 3743 769 3884 atait‘tttnl‘idatitt:
801 3747 1275 3885 litattt‘ztt'i:illiti
1295 3751 1338 3886 {li

231 3881 300 3934 date
326 3890 452 3936 nostrum
484 3890 628 3952 putamus,
654 3883 766 3948 docere,
801 3885 928 3937 exercitu
946 3885 1133 3949 adveniebat,
1158 3887 1259 3937 obsisti
1278 3901 1338 3954 pon·

231 3953 472 4016 proniontorlmn,
491 3953 566 4021 quod
586 3968 604 4004 a
622 3953 766 4005 veteribus
802 3959 856 4010 aet.
891 3953 997 4007 Verum
1016 3953 1070 4006 boe
1089 3969 1193 4022 parvae
1212 3955 1338 4022 peninsu-

230 4019 422 4090 'l'riopiuni
453 4021 615 4084 dicebatur,
654 4022 767 4074 minime
802 4021 848 4073 lae
866 4022 986 4090 Triopio
1005 4026 1080 4089 (nam
1102 4023 1196 4075 maior
1214 4039 1279 4090 pars
1298 4037 1339 4075 ur·

230 4087 350 4149 ideone,
369 4089 445 4155 quod
473 4088 558 4143 hodie
583 4090 671 4142 Krio
698 4090 766 4142 dici·
800 4089 845 4142 bis
863 4091 893 4142 in
912 4095 1073 4144 continente
1090 4090 1168 4154 fuit)
1193 4099 1338 4146 cuinsents·

230 4162 293 4226 tur,
313 4170 479 4226 quemquam
503 4160 546 4210 ita
568 4158 644 4226 apud
670 4173 767 4211 omnes
800 4175 882 4211 neum
909 4175 963 4212 non
990 4166 1048 4213 est:
1083 4161 1229 4228 suspicor,
1263 4161 1339 4212 sinus

172 4305 176 4310 .
230 4232 275 4278 est
306 4224 484 4296 geographos
508 4228 652 4297 seriptum.
703 4227 767 4281 Hoc
801 4228 917 4284 coicum
949 4235 980 4283 et
1015 4229 1167 4298 Symaeum
1205 4229 1338 4298 [quorum
