2872 4814
214 404 279 466 292
434 397 725 458 ΣΤΑΔΙΑΣΜΟΣ
744 393 853 453 ΗΤΟΙ
871 393 1130 454 ΠΕΡΙΠΛΟΤΣ
1154 387 1161 394 ’

244 587 307 638 Νῦν
334 581 365 637 δὲ
390 579 423 635 ori
441 581 491 650 μὲν
507 583 639 635 Σολίοισι
665 575 755 638 πολὺν
789 579 886 630 urbem
919 593 936 628 a
958 577 1039 640 loco,
1073 577 1102 626 in
1137 589 1193 642 quo
1220 575 1342 627 condita
1381 619 1383 625 Α

345 646 448 718 χρόνον
467 645 566 703 tvodo'
584 645 715 702 α’νάσσων
790 651 870 716 erat,
882 645 994 698 altam
1014 645 1244 712 appellaverunt,
1261 668 1266 672 ·
1283 645 1341 695 h‘ec

246 717 306 788 Τὴν
323 717 408 772 πόλιν
427 705 458 771 εὖ
480 717 590 780 ννιιίιις,Ι
609 717 657 770 καὶ
675 713 754 782 γένος
790 714 963 776 dubitamus,
981 715 1048 780 quin
1062 714 1122 780 jam
1145 719 1211 763 ante
1229 711 1340 762 adven-

344 783 487 852 ὑμέτερον
789 787 847 832 tum
866 782 1041 833 Graecorum
1059 780 1214 832 Phoenices
1233 781 1340 832 eadem

242 849 337 921 Αὐτὰρ
363 850 408 921 ἐμὲ
432 849 629 922 ξῦννηῒθοῇ
646 853 754 918 κλεινῆς
788 851 852 900 loca
889 851 1061 911 incolerent,
1110 855 1230 917 propter
1264 864 1340 916 quos

346 916 403 974 οἰνιό
423 918 529 989 νήσου,
788 917 890 969 Graeci
910 924 976 984 post
993 917 1184 969 consederunt
1204 932 1269 967 eum
1294 918 1341 967 iis·

241 983 356 1057 Ἅσκηθῆ
383 986 489 1056 πέμποι
525 983 636 1054 Κύπρις
668 981 752 1039 lours'·
789 1002 842 1052 que
869 1001 900 1036 se
922 986 1143 1052 conjunxerunt.
1180 985 1339 1037 Hiautem

344 1074 442 1125 φανος.
729 1099 731 1106 t
789 1054 913 1104 advenae
936 1053 1040 1107 Graeci
1060 1068 1114 1104 non
1150 1053 1339 1105 Athenienses

244 1119 415 1194 Olmoppid'
441 1121 488 1177 ἐπὶ
516 1122 589 1188 τῷδε
604 1117 688 1187 χάριν
706 1117 753 1172 καὶ
790 1121 908 1188 putandi
929 1127 1004 1189 sunt,
1030 1122 1081 1173 sed
1099 1119 1207 1172 Achiri.
1242 1123 1337 1189 Atque

342 1192 430 1252 κῦδος
447 1184 554 1254 ὀπάζοι)
788 1189 817 1240 hi
848 1189 919 1240 illue
952 1195 1090 1241 venerunt
1119 1196 1245 1256 tempore
1274 1191 1336 1251 illo,

240 1254 360 1315 Ἐσθλὸν
389 1259 438 1312 καὶ
462 1256 563 1312 νόστον
591 1249 706 1323 πατρίδ’
728 1251 754 1314 ἐς
788 1272 849 1308 eum
864 1256 1020 1310 Dorienses
1040 1258 1158 1308 ducibus
1169 1257 1336 1308 Heraclidis

276 1369 279 1378 ,
343 1325 487 1396 ἡμετέρην.
787 1326 1008 1392 Peloponnesum
1027 1327 1192 1378 invaserunt
1215 1327 1336 1394 ejusque

207 1400 297 1465 litque
314 1411 433 1464 prorsus
453 1394 553 1446 eadem
571 1396 668 1441 narrat
681 1389 751 1454 Hip·
786 1395 895 1445 incolas
914 1396 1045 1462 antiquos
1064 1395 1239 1462 expulerunt.
1259 1395 1336 1445 Fue·

171 1495 173 1499 ’
204 1465 336 1532 parchus,
351 1466 398 1531 qui
413 1465 440 1514 5¹¹
461 1461 605 1512 Vitahfatl
624 1457 694 1510 haec
710 1457 751 1506 ‘fi-
787 1469 853 1512 runt
875 1473 971 1513 autem
985 1465 1021 1523 ¹⁴in
1041 1465 1138 1528 primis
1149 1461 1264 1528 Achaei,
1285 1463 1335 1530 qui

205 1537 265 1584 xit:
296 1532 355 1586 Kal
378 1526 436 1585 ἀπὸ
465 1527 514 1597 μὲν
537 1530 594 1586 τῶν
618 1523 647 1578 ἐν
673 1527 751 1577 Κιλι·
786 1531 813 1579 in
836 1531 960 1597 Cyprum
980 1537 1197 1592 concesserunt3
1232 1545 1333 1582 eorum

205 1602 255 1672 νέᾳ
274 1598 373 1654 Σόλων
391 1598 418 1652 oi
437 1597 673 1664 uottwertsis·
692 1586 749 1644 ἆπό
786 1599 861 1649 eninr
903 1615 1073 1666 quamquam
1108 1615 1211 1666 magna
1256 1615 1332 1665 pars,

207 1666 238 1722 δὲ
255 1672 312 1722 τῶν
336 1666 367 1721 ἐν
384 1663 490 1736 Κύπρῳ
515 1658 627 1717 Σόλιοι·
651 1657 749 1727 μέμνη·
785 1682 857 1734 quae
876 1683 939 1717 eum
951 1667 1138 1719 Doriensibus
1157 1669 1332 1729 consociata,

207 1754 254 1788 ται
281 1734 313 1789 δὲ
340 1732 448 1790 τούτων
477 1729 594 1792 Σόλωνι
630 1725 659 1781 ἕν
689 1733 752 1789 ταῖς
785 1741 850 1786 ante
869 1735 991 1787 increta
1009 1737 1258 1798 renransit,tamen
1275 1736 1332 1786 alia

205 1798 355 1872 Ἐλεγείαις
391 1807 452 1865 ταῖς
476 1795 547 1866 πρὸς
574 1793 750 1864 Κνιιράνορα
785 1817 850 1870 pars
868 1809 920 1854 aut
939 1810 1017 1855 reeta
1036 1805 1330 1872 a'uteCretanariga·

205 1867 256 1926 τὸν
273 1868 398 1940 βασιλέα,
416 1865 448 1932 ὃς
462 1859 747 1952 σνμβονλενθεὶςρπό
783 1872 825 1921 vit
844 1873 872 1921 in
891 1875 1025 1938 Cyprum.
1056 1873 1155 1939 Neque
1174 1873 1250 1924 enim
1269 1874 1330 1924 fieri

205 1936 338 2001 Σόλωνος
360 1940 465 2004 κτίσαι,
489 1955 540 2004 την
562 1931 647 1987 πόλιν
666 1951 749 2000 χαριν
783 1941 891 2005 potuit,
912 1946 959 2003 ut,
989 1956 1051 1992 eum
1072 1956 1163 2008 neque
1180 1943 1209 1989 in
1229 1941 1329 1991 insulis

206 2009 259 2059 rori
293 2002 399 2072 οἷνδρὸς
448 2001 560 2064 Σόλους
593 1995 746 2068 ω’νόμασεν,
782 2009 870 2058 uraris
893 1995 997 2076 Aega'ei
1025 2024 1076 2060 neo
1100 2011 1130 2058 in
1150 2007 1251 2059 lthodo
1277 2024 1328 2060 nee

157 2104 161 2114 =
206 2069 327 2143 α’μοιβὴν
350 2069 454 2141 ταύτην
482 2068 573 2138 νέμων
604 2071 653 2136 τῆς
684 2083 748 2134 svp·
781 2075 811 2125 in
836 2075 887 2126 ora
913 2077 992 2127 Asiae
1020 2077 1139 2128 minoris
1171 2077 1328 2129 meridiana

204 2144 307 2212 βουλῆς
331 2136 415 2210 αὐτῷ.
453 2142 542 2202 Quem
569 2153 663 2205 regem
683 2137 747 2187 Plu·
781 2143 833 2192 ulli
860 2143 957 2194 coloni
982 2144 1084 2196 Graeci
1121 2146 1327 2210 consedissent,

121 2235 124 2240 Δ
204 2210 322 2260 tarehus
348 2209 549 2275 Philoeyprum
568 2207 656 2265 dicit,
682 2219 746 2255 eum
781 2209 885 2262 Graeci
915 2227 1003 2279 usque
1023 2209 1194 2279 ad'cyprnq
1214 2215 1326 2280 naviga.

204 2276 383 2344 hipparchus
395 2280 562 2345 Cypranora
577 2275 655 2340 dicit,
671 2272 745 2339 quod
780 2279 882 2331 verint.
902 2278 1022 2330 Achivos
1041 2287 1144 2343 autem,
1163 2281 1212 2347 qui
1234 2282 1326 2332 errloni

203 2361 304 2396 nomen
328 2347 403 2396 idem
429 2352 513 2412 atque
539 2342 609 2393 illud
641 2341 747 2408 signiti-
780 2347 808 2395 in
835 2347 957 2413 Cyprum
985 2350 1209 2416 navigarissent,
1240 2350 1325 2415 inpri-

204 2422 258 2466 cat.
296 2415 352 2464 Alit
376 2429 457 2480 reges
483 2413 568 2477 Cypri
596 2409 746 2475 Pasicypri
779 2415 1053 2477 maluissemus
1075 2415 1326 2484 hoeprobat‚qua

203 2489 233 2534 et
256 2483 430 2547 Aristooypri
460 2481 607 2539 dicuntur,
625 2483 657 2527 ut
675 2475 745 2527 haec
780 2484 831 2531 isti
849 2485 961 2534 ratione
978 2485 1063 2550 juxta
1076 2484 1233 2536 Phoenices
1252 2494 1324 2535 rete·

202 2551 318 2600 nomina
341 2565 397 2599 non
422 2550 535 2614 generis
559 2547 646 2596 luisse
671 2545 745 2610 regii
781 2565 885 2617 resque
905 2552 1012 2603 incolam
1036 2554 1245 2613 corrseder·urrt;
1263 2567 1324 2602 nans

203 2624 342 2682 putemus,
361 2616 411 2666 sed
429 2617 465 2666 iis
484 2617 550 2664 data
564 2614 686 2680 regibus,
697 2611 746 2678 qui
779 2631 916 2682 accepere
947 2634 1043 2670 eorum
1071 2636 1168 2686 saera,
1206 2635 1322 2687 paruere

202 2686 305 2732 ceteris
340 2698 434 2734 rerum
472 2691 618 2748 gestarum
650 2679 746 2746 gloria
779 2687 1138 2752 eornnrregibus3indotes
1155 2688 1230 2739 eninr
1246 2687 1323 2740 nehi-

143 2765 147 2770 ·
201 2749 408 2801 excelluissent.
430 2749 603 2813 Quamquam
622 2761 688 2798 vero
709 2747 743 2798 de
779 2766 879 2803 vorum
901 2769 935 2803 ae
963 2761 1066 2806 natura
1100 2756 1182 2822 quasi
1209 2757 1323 2807 mollior

180 2816 250 2877 iis,
280 2832 352 2882 quae
377 2814 546 2866 Plutarchus
565 2813 662 2873 tradit,
697 2815 745 2863 vix
778 2817 835 2884 fuit
854 2825 971 2888 ejusque
998 2823 1081 2884 modi,
1114 2832 1146 2875 ut
1170 2824 1223 2890 ipsi
1260 2839 1320 2874 eum

202 2882 326 2932 dubitari
353 2897 435 2946 posse
461 2883 574 2933 ridetur
593 2895 684 2946 neque
704 2885 744 2930 et·
778 2885 843 2937 aliis
870 2903 901 2938 se
930 2891 1141 2942 consociarentz
1172 2898 1202 2942 et
1227 2897 1320 2942 tamen

198 2951 257 2999 iam
285 2949 445 3000 dubitatum
473 2955 531 3013 est,
568 2964 618 2998 nos
650 2953 744 2998 tamen
777 2955 903 3006 indolem
923 2957 1097 3008 Graecorum
1122 2953 1263 3024 propriam
1280 2960 1319 3008 ita

200 3031 334 3082 negamus
362 3033 395 3066 ea
421 3032 488 3066 vora
514 3031 592 3076 esse3
621 3031 684 3065 nam
701 3015 744 3064 in·
778 3023 994 3084 conservabant,
1010 3031 1085 3076 utoa
1100 3027 1320 3092 nonquamdesi·

198 3083 336 3136 credibile
345 3090 397 3144 est,
408 3099 489 3150 quam
500 3084 577 3132 nulla
591 3085 620 3130 in
640 3081 682 3130 his
701 3097 742 3131 ro·
777 3096 859 3141 neret
877 3105 939 3142 esse
959 3091 1076 3146 Graeca.
1106 3093 1137 3142 ld
1158 3102 1260 3145 autem.
1275 3095 1317 3146 fig.

197 3151 250 3200 bus
276 3151 346 3201 fides
370 3153 515 3202 veteribus
540 3149 671 3201 habenda
694 3150 741 3214 sit,
777 3156 826 3206 bat
863 3173 912 3220 ρο,
955 3161 1044 3225 qnod,
1081 3163 1135 3211 etsi
1168 3177 1229 3211 cum
1254 3163 1318 3213 alie.

196 3219 263 3269 Non
283 3221 366 3271 etiam
385 3218 566 3286 Hipparchus
592 3217 675 3269 Sol‘os
697 3218 741 3266 Ci·
776 3239 812 3274 na
829 3235 915 3291 gente
944 3228 1090 3294 conjuncti
1110 3235 1207 3291 crant,
1226 3237 1315 3281 tamen

196 3288 279 3338 licios
310 3303 326 3338 a
358 3287 463 3339 Solone
488 3288 620 3339 conditos
651 3284 741 3336 dieiti
775 3294 895 3344 maxime
912 3293 988 3345 inter
1005 3311 1035 3347 se
1055 3297 1108 3361 ipsi
1121 3297 1314 3349 vivebantita·

195 3354 359 3406 Similitudo
390 3357 534 3405 nominum
561 3355 674 3406 Solonis
698 3360 740 3402 at·
774 3375 828 3425 que
847 3365 876 3411 et
895 3376 1050 3413 sermonem
1069 3365 1194 3430 ipsorum
1213 3372 1242 3417 et
1261 3381 1316 3417 mo·

196 3438 250 3489 que
278 3425 356 3474 urbis
375 3421 508 3474 Solorum
528 3430 640 3473 veteres
658 3421 738 3470 intlu-
773 3441 819 3477 res
843 3429 963 3494 quodam
991 3432 1075 3482 modo
1101 3435 1313 3494 conservabant,

194 3495 238 3540 xit
256 3498 287 3542 ut
305 3491 386 3542 Solos
405 3491 510 3541 Solone
529 3492 655 3541 'auctore
673 3503 738 3538 eon·
772 3498 944 3562 omninoque
979 3499 1022 3548 ita
1055 3501 1192 3550 omnibus
1235 3503 1314 3553 rebus

138 3617 143 3620 ,
194 3557 457 3611 ditosseriberent.
493 3558 555 3608 Non
573 3574 640 3610 sane
658 3556 739 3623 quid*
772 3577 858 3630 agere
896 3564 1045 3628 solebant,
1080 3569 1314 3634 quemadmodum

195 3641 278 3692 quam
297 3627 432 3677 momenti
451 3626 495 3676 illi
516 3641 612 3677 versus
632 3624 737 3676 habere
771 3631 799 3680 id
820 3633 965 3700 proprium
987 3641 1064 3686 esset
1081 3637 1206 3702 ipsorum
1234 3639 1313 3689 indo·

191 3701 321 3758 possunt,
340 3709 409 3761 quos
428 3696 463 3745 ad
477 3693 737 3758 PhilocyprumSo·
771 3698 807 3748 lis
839 3714 872 3750 ao
907 3707 1035 3753 naturae.
1071 3703 1117 3753 Ita
1147 3719 1312 3773 quamquam

191 3761 240 3810 lon
259 3764 407 3827 scripsisse
425 3760 534 3814 fertur:
571 3774 632 3814 nant
651 3761 688 3822 ii,
712 3761 737 3809 si
770 3780 824 3815 non
844 3783 923 3818 suam
944 3766 1085 3820 habehant
1103 3771 1259 3836 civitatem,
1273 3780 1311 3824 ta·

192 3829 353 3895 quidquam,
371 3845 427 3880 non
451 3829 565 3882 Solonis
593 3834 660 3878 sunt
685 3828 736 3879 sed
771 3849 833 3885 men
856 3836 884 3885 in
910 3851 943 3887 ea
964 3839 1084 3889 maxime
1108 3853 1171 3890 eum
1196 3843 1256 3892 suis
1273 3843 1312 3892 ri·

191 3897 266 3947 alius
284 3897 449 3966 cujuspiam.
488 3899 542 3948 Res
568 3904 679 3956 antem,
704 3902 736 3946 ut
770 3903 886 3965 rebant,
923 3906 1064 3971 utquod,
1100 3913 1132 3957 ut
1151 3908 1192 3960 ita
1212 3909 1310 3970 dicam,

188 3972 288 4015 nostra
312 3965 367 4015 lert
393 3967 507 4030 opinio,
532 3966 573 4015 ita
590 3981 621 4015 se
639 3961 733 4016 habet.
769 3970 909 4022 Graecum
927 3972 957 4021 in
978 3974 1047 4038 ipsis
1066 3981 1159 4037 esset,
1187 3977 1218 4027 id
1236 3979 1309 4046 vige·

188 4033 294 4086 Graeci
313 4047 375 4083 cum
394 4033 467 4084 illuc
484 4034 668 4100 appulissent,
685 4033 734 4084 ubi
768 4044 820 4088 ret.
856 4037 911 4089 Sed
937 4037 1050 4091 fuerunt
1073 4043 1176 4106 etiam,
1204 4046 1251 4112 qui
1274 4043 1307 4096 ad

188 4109 287 4166 postea
311 4099 371 4150 Soli
396 4100 524 4162 luerunt,
552 4119 570 4154 a
595 4102 666 4151 mari
691 4115 732 4152 re-
768 4121 844 4158 mare
863 4108 1055 4174 navigationis
1080 4118 1108 4162 et
1134 4119 1307 4165 mercaturas

188 4173 337 4220 cesserunt
356 4167 507 4235 sedemque
529 4171 675 4236 aliquanto
696 4169 731 4219 ab
767 4189 853 4226 causa
878 4175 1075 4241 considerent,
1101 4193 1174 4246 quae
1199 4197 1253 4248 quo
1271 4182 1306 4230 ci·

98 4275 103 4282 .
187 4251 220 4286 eo
250 4239 344 4302 spatio
380 4243 542 4288 statuerunt
572 4251 729 4304 horamque
765 4242 822 4293 tius
857 4243 1022 4296 crescebant
1046 4261 1080 4298 ac
1108 4245 1211 4302 llorere
1241 4249 1305 4299 inei·
