2872 4814
319 396 407 459 ΤΗΣ
431 347 925 464 ΜΕΓΑΛΗΣδΑΛΑΣΣΗΣ.
1049 403 1052 412 ’
1108 405 1172 471 28⁴7

67 593 196 661 σιλεοσεις
217 581 250 648 δὲ
273 585 317 660 ela
338 582 541 648 Κάλυδναν·1
565 580 777 666 καταπλεύσας
798 575 836 647 δὲι
852 583 885 648 ἐν
907 585 1017 660 δεξιάν
1038 587 1114 668 ἔχων
1133 589 1172 656 τά

67 686 250 772 ’Ίῐψῖρισμσ2
282 683 332 748 atei
354 681 409 768 σάς·
430 681 590 759 Καλύδνας
611 681 661 746 καὶ
682 679 740 765 τὴν
759 684 904 768 aalide»
923 687 974 749 καλ
993 685 1050 770 τὴν
1070 692 1176 774 Λέρον

68 850 292 930 praeterveharis
321 860 419 910 autem
446 852 482 909 ad
511 851 643 908 ‹lextram
669 849 779 907 habens
799 849 993 986 Hypsyrisma
1017 866 1048 914 et
1067 856 1174 936 Calyd.

69 949 114 988 uas
146 938 176 986 et
202 926 318 986 Celeriu
342 938 372 986 et
403 927 510 986 Lerum
539 937 570 986 et
598 925 731 986 Palmum
763 937 793 986 et
842 946 933 988 aaron
953 940 984 1021 et
1009 935 1170 1014 Amurgou.

99 1139 123 1206 1)
141 1137 601 1208 intelligimusexhisverbis,non
634 1147 693 1192 tum
718 1139 840 1192 insulam
865 1156 977 1210 quoque
1001 1151 1175 1197 vocaverunt

72 1209 171 1261 directo
190 1224 274 1261 cursu
292 1225 310 1261 a
329 1211 387 1260 Coo
405 1209 442 1261 ad
459 1215 600 1278 amorgan
636 1210 790 1276 Calydnam
797 1226 806 1272 3
827 1208 876 1260 sed
895 1226 950 1278 qua
972 1210 1006 1262 de
1025 1217 1125 1276 eausa,
1143 1214 1175 1267 id

70 1293 159 1330 versus
182 1279 330 1346 navigasse
358 1285 502 1331 auctorem
527 1279 600 1344 peri·
636 1291 688 1330 nec
714 1278 803 1348 liquet
832 1293 885 1329 nee
916 1293 1021 1346 operae
1054 1282 1175 1348 pretium

70 1349 121 1415 pli,
137 1347 185 1398 sed
205 1347 327 1400 insulam
351 1347 506 1414 Calydnam
526 1353 600 1414 post·
634 1346 936 1415 videturinvesugam.
952 1347 1007 1400 Sed
1018 1352 1179 1416 posteriora,

72 1430 148 1484 quam
180 1416 384 1468 circumvectus
420 1420 511 1480 esset,
538 1431 600 1475 eur·
638 1422 764 1483 tempore
781 1430 842 1478 curu
861 1421 972 1482 praeter
984 1416 1110 1471 Graecos
1128 1419 1179 1472 do:

71 1500 128 1548 sum„
143 1483 210 1536 illue
228 1486 361 1538 tenuisse.
404 1485 499 1538 Verbo
516 1501 600 1537 κατα-
635 1484 694 1535 rica
725 1486 854 1545 natiuae,
884 1488 959 1548 (nam
991 1499 1038 1537 ees
1069 1488 1177 1555 primos

71 1549 190 1614 ιιλεάσεις
212 1567 275 1605 eum
299 1552 493 1622 significatur,
516 1567 600 1621 quam
635 1551 706 1604 hanc
729 1553 850 1602 insulam
876 1553 1046 1615 incoluisse,
1064 1548 1182 1609 videtur‘

72 1623 184 1674 maxime
203 1622 233 1674 id
252 1623 438 1690 fieri-possit,
464 1635 550 1692 prope
567 1621 601 1671 li·
635 1635 671 1674 ex
688 1621 852 1680 Herodoto.
873 1619 937 1683 Vll,
954 1622 1006 1689 99,
1026 1621 1122 1688 efflei)
1146 1630 1181 1677 ut

73 1699 114 1742 tus
145 1690 288 1758 Calydnae
314 1687 507 1760 navigandum
531 1704 601 1748 ease,
636 1689 689 1740 hoe
706 1690 767 1740 lieri
785 1690 864 1746 surlet.
883 1690 986 1740 Graeci
1005 1693 1091 1743 etiadi
1109 1693 1179 1746 alia·

73 1767 127 1809 tum
153 1759 205 1821 iis,
237 1775 309 1829 quae
338 1766 507 1828 sequuntur:
539 1773 603 1810 naua
637 1757 1178 1826 rumnationumhuomigrarent,lls-

72 1827 243 1895 praecipitur,
263 1834 294 1879 ut
306 1830 370 1896 quis
386 1829 487 1880 dextra
500 1827 604 1893 Calyd·
637 1827 701 1887 bat,
731 1837 762 1876 ut
788 1841 884 1878 eorum
903 1827 1029 1878 dialecto
1049 1830 1179 1896 Calydna
1264 1815 1267 1830 ⁸

74 1911 119 1946 nas
141 1893 246 1950 liabens
278 1898 401 1965 naviget.
444 1898 485 1954 lli
509 1905 603 1948 autem
638 1897 722 1948 etiarlr
738 1896 874 1960 Calymne
887 1895 1043 1950 lli-aereturr
1063 1896 1178 1963 (utrum-

73 1964 175 2031 seopuli
200 1980 263 2018 eum
294 1966 370 2017 idem
401 1971 490 2034 atque
514 1967 605 2016 maior
640 1980 694 2033 que
718 1965 831 2015 verdum
858 1979 919 2016 eum
945 1965 1101 2030 signifieat,
1129 1968 1180 2036 qul

73 2033 159 2085 insula
189 2050 290 2087 nornen
321 2032 460 2096 habeant,
494 2047 606 2100 perosa
640 2031 1183 2100 «antuexceltirznandavogeverau

73 2107 161 2169 patet,
186 2119 237 2158 eus
259 2104 289 2154 in
307 2103 430 2155 maxima
448 2104 518 2155 sitos
544 2117 606 2154 esse
639 2095 700 2154 ύδω
714 2102 743 2151 id
757 2108 802 2152 est
818 2115 905 2164 σοοο,
925 2110 1085 2166 detumeat,
1104 2105 1181 2174 quod

74 2171 182 2224 ricinia.
209 2174 264 2224 *Ae
285 2169 419 2223 vident'ur
440 2187 531 2239 pauca
555 2187 606 2220 nu·
640 2171 756 2220 verbum
782 2185 798 2220 a
821 2171 914 2235 puetis
939 2172 1137 2226 Alexandrinis
1163 2189 1180 2226 ο

75 2240 123 2290 lis'
145 2239 180 2291 da
219 2239 355 2308 Calydnis
386 2240 505 2292 dicanda
535 2254 604 2293 esse.
642 2239 734 2306 prisea
752 2238 848 2306 lingua
867 2245 1010 2306 receptum
1028 2244 1091 2306 eat.)
1134 2245 1184 2294 elt-

69 2308 160 2374 ⁴Notus
184 2309 275 2378 igilur
294 2306 347 2360 ·hie
373 2323 471 2362 sersus
497 2307 606 2360 iliados
641 2323 695 2375 que
718 2307 804 2358 etiarn
832 2308 904 2359 aliae
936 2307 1062 2372 insulae,
1093 2311 1183 2362 veluti

75 2383 128 2430 οισι
303 2376 307 2382 ’
641 2383 712 2443 quae
727 2391 742 2426 s
758 2376 875 2444 regiona
887 2377 1010 2427 ‘lroadis
1023 2379 1096 2429 silue
1106 2384 1182 2442 sunt,

124 2442 160 2498 Oi
185 2439 213 2497 δ’
232 2438 291 2512 άρα
314 2441 443 2514 Νλσσράν
472 2438 500 2498 ν’
523 2439 607 2513 εἶχον,
642 2445 784 2510 Calydnae
803 2446 896 2496 tardari
916 2445 1017 2496 solitae
1036 2453 1108 2500 sunt.
1129 2447 1182 2498 Po·
1260 2435 1266 2458 i

171 2509 335 2580 Κράπαθόν
351 2531 381 2568 τε
396 2511 494 2568 Κάσον
511 2530 541 2567 τι
641 2515 765 2566 stertere
779 2515 868 2580 igitur
881 2521 1006 2580 teurpure
1019 2529 1081 2564 oum
1096 2521 1182 2566 austu

123 2581 180 2636 Καὶ
210 2584 278 2634 Κούν
309 2575 491 2653 Εάρνιιύλοιο
515 2577 608 2643 πόλιν,
643 2597 760 2634 numeru
780 2582 837 2632 alia
864 2582 987 2634 dialecto
1005 2583 1186 2651 loquentium

172 2646 276 2719 νήσονς
292 2669 322 2704 σε
333 2648 498 2712 ’Καλύδνας
643 2653 711 2702 urbs
736 2649 873 2715 Calymne
897 2654 938 2702 sic
963 2655 1058 2702 vocari
1082 2667 1187 2703 consu·

76 2717 116 2770 lle
132 2717 239 2770 ultimis
261 2719 357 2771 verbis
374 2715 476 2788 νήσοις
499 2737 528 2772 σο
552 2722 610 2772 Κα·
645 2727 734 2780 esset,
761 2717 813 2767 han
843 2717 934 2770 turma
956 2720 1043 2770 etiam
1068 2720 1183 2786 publice

77 2783 175 2850 λάδνας
189 2785 259 2840 haee
278 2787 394 2854 scripsit
416 2787 518 2840 Strabo
536 2787 610 2840 libro
646 2789 686 2838 uti
701 2787 882 2853 inceperunt,
902 2795 933 2837 ut
948 2787 994 2838 lex
1011 2788 1070 2839 sive
1087 2789 1185 2840 deere-

77 2855 182 2908 deeime
200 2862 343 2908 extremo:
371 2852 487 2924 Νήσσνς
505 2851 536 2908 δὲ
553 2857 610 2908 Κα·
645 2864 705 2908 tum
731 2855 939 2920 Calynminrum
959 2857 1037 2916 (nam
1055 2856 1098 2909 ita
1115 2857 1189 2908 scri·v

77 2921 164 2977 λάδνα
191 2919 244 2986 τοὶς
260 2919 418 2990 Σποράδας
435 2920 464 2978 λε’
482 2939 524 2977 ειν
541 2921 613 2992 φασὶ
664 2933 723 2974 tum
742 2929 808 2984 σοι)
826 2923 903 2991 quod
924 2931 1018 2989 extat,
1038 2925 1085 2988 (ri.
1106 2923 1187 2976 Ciris·

77 2987 124 3045 τδν
139 2944 274 3061 πύιηιήν,
299 2983 340 3046 σύν
363 2992 432 3059 μίαν
456 2943 612 3046 σύνανΚά·
646 2941 714 3044 inu.
737 2992 868 3058 luserint,
892 3001 950 3045 ant.
976 3009 1002 3060 p.
1026 2994 1068 3058 lli)
1093 2994 1185 3048 decet.

78 3063 195 3128 λσμναν·
221 3057 295 3122 εἰκὸς
317 3055 349 3114 δ’
366 3056 404 3122 aia
427 3056 458 3114 ἐκ
480 3063 537 3114 σάν
563 3059 613 3113 Ni·
647 3064 739 3128 Atque
766 3075 828 3112 cum
846 3063 888 3113 ita
917 3063 983 3112 urbs
1001 3065 1097 3114 uocari
1123 3077 1186 3114 eun·

79 3130 178 3200 σσρίσον
207 3126 337 3197 λέγονται
365 3128 414 3182 καλ
441 3129 556 3182 Κασίων
583 3126 614 3181 σά
648 3134 771 3191 adesset,
789 3129 832 3181 ita
848 3131 942 3180 vocari
958 3133 1044 3182 etiam
1064 3139 1127 3183 tota
1143 3133 1187 3183 in-

79 3193 154 3266 tyylg
170 3197 218 3252 καὶ
237 3193 374 3266 ύιιήιιοοι,
393 3189 616 3260 Ἰοιίἰσιςιιαλτδις
648 3199 711 3250 sula
739 3205 838 3264 coepta
869 3206 919 3260 est,
947 3200 989 3249 ita
1019 3209 1130 3262 tamen,
1155 3206 1190 3251 ut

78 3267 109 3387 ry*
140 3263 275 3352 Kar-iriam}
303 3263 509 3334 περικειμένας,
550 3265 615 3385 δσαῖ
648 3281 747 3317 nomen
773 3264 915 3331 Calydna,
946 3273 1021 3318 eerta
1045 3269 1070 3318 si
1094 3269 1189 3322 insula

78 3351 137 3388 σιε
163 3338 294 3404 λεγομενῃ
311 3332 461 3406 Καλύδνῃ·
493 3331 601 3396 ιινὲςδ
648 3335 823 3400 niaximeque
841 3334 927 3384 vicini
947 3335 1055 3400 scopuli
1078 3335 1188 3389 intelli-

81 3400 130 3456 δύο
149 3399 222 3458 εἶναι
240 3399 391 3467 Καλύδνας
408 3403 478 3471 φασὶ
495 3399 615 3471 ,δέρον
647 3402 803 3472 gabauram
823 3401 1003 3454 retineretur.

79 3472 124 3525 aul
141 3469 355 3540 Καλύμναν·
384 3465 472 3594 άσιιεῑ
497 3470 546 3537 καλ
574 3465 614 3522 λέ·
680 3469 710 3536 ²)
733 3471 813 3521 lianc
837 3471 956 3521 insulam
976 3476 1091 3538 praeter
1115 3469 1189 3524 hune

80 3558 134 3606 γειν
152 3535 203 3593 etin
220 3536 352 3624 ποιητήν,
382 3536 414 3594 Ὁ
440 3543 457 3594 δ
487 3535 617 3606 Σκήψιος
649 3541 813 3605 scriptorem
838 3555 918 3590 aenan
947 3541 1189 3594 commemoravit.
1268 3547 1270 3554 ’
1305 3531 1307 3539 ’

80 3611 273 3676 πληθννσιιιως
298 3606 467 3676 οινομάσθαι
495 3604 545 3676 ιὴν
569 3609 616 3674 νῆ-
650 3607 733 3659 Prior·
751 3622 815 3674 pars
841 3609 961 3659 nominis
983 3623 1004 3660 a
1027 3601 1082 3674 ύψι
1116 3608 1190 3658 deri-

82 3692 128 3730 σον
146 3675 298 3746 Καλύμνας
317 3678 405 3745 φασὶν
438 3673 476 3742 aig
495 3671 617 3745 Ἀθήνας
649 3676 742 3728 venda
759 3676 888 3735 videtum
914 3677 974 3729 alta
997 3675 1120 3727 fortasse
1148 3683 1192 3731 est

82 3745 126 3798 καὶ
141 3743 251 3816 Θήβας·
271 3748 331 3800 δεῖν
348 3743 381 3800 δὲ
394 3741 557 3816 νπερβάτως
573 3740 616 3797 δέ·
650 3745 759 3803 insulas
784 3759 817 3795 aa
835 3745 916 3797 nubis
942 3745 1057 3796 videtur
1081 3757 1131 3812 pro
1154 3742 1192 3798 τά

82 3815 184 3880 ξασθαι
206 3809 239 3868 οδ
264 3817 318 3866 σού
334 3817 470 3900 narnensi*
500 3809 534 3867 ον’
562 3807 616 3880 γὰρ
650 3809 682 3866 sd
701 3813 888 3867 scribendum.
916 3815 1048 3866 Ceterum
1067 3829 1123 3866 nuu
1142 3813 1191 3864 du-

82 3878 181 3968 ιῄσσος
198 3880 349 3946 Καλύδνας
372 3886 477 3952 λεγειν·
504 3875 564 3936 ἀλλ’
589 3879 618 3934 ol
652 3881 789 3950 bltamus,
806 3885 875 3949 quin
900 3897 933 3934 ea
956 3883 1080 3951 intelligi
1098 3883 1193 3933 insula

85 3951 99 4006 δ
128 3946 185 4018 άρα
209 3949 311 4020 νήσους
335 3947 464 4020 Νίσυρόν
486 3943 510 4004 s'
534 3946 620 4016 ελονς
653 3951 765 4012 debeat,
784 3965 856 4019 quae
875 3966 948 4002 nunc
965 3951 1133 4023 Kappari
1151 3953 1192 4002 di-

85 4016 244 4104 Κράπαδύν
261 4037 290 4074 ιε
309 4016 407 4074 Κάσον
424 4039 468 4088 τε,
487 4019 535 4076 καὶ
579 4020 620 4071 niv
654 4020 727 4070 citur
751 4020 885 4088 cuiusque
914 4019 1065 4086 pristinum
1092 4035 1193 4071 nomen

85 4085 265 4156 Εοροιιύλοιο
288 4085 389 4152 πόλιν,
413 4085 565 4150 Καλύδνας
580 4103 618 4140 τε.
655 4089 799 4139 artemiae
823 4088 936 4142 videtur
959 4089 1098 4140 traditum
1123 4103 1192 4140 esse.

84 4155 250 4210 Brevissima
270 4157 410 4220 dicemus,
428 4157 503 4226 quid
516 4159 620 4208 sentia·
655 4156 715 4209 Nec
733 4155 804 4207 hane
822 4156 931 4207 Celerin
950 4171 967 4208 a
986 4173 1126 4227 quoquam
1155 4159 1195 4206 vi-

87 4238 155 4280 mus.
192 4228 246 4291 Qui
265 4228 386 4293 primum
406 4228 526 4279 insulam
544 4225 621 4278 ineo·
657 4225 710 4278 δοο
756 4233 1009 4278 eomrrremuratam.
1075 4227 1194 4278 Cursum

88 4292 214 4362 luerunt,
233 4293 276 4348 ¹hi
308 4295 429 4364 primum
460 4295 557 4349 urbam
591 4300 623 4348 at
656 4295 782 4351 aucturis
801 4295 962 4363 navigantis
990 4295 1195 4364 sl=sequinrur‚
