2872 4814
231 337 294 402 τον
441 331 731 428 Σομοττοοτοο
749 329 858 390 uror
875 289 1135 404 uarruuors
1204 419 1214 427 x

229 516 423 599 Ἀντιφέλλον
451 519 494 594 εἰς
515 523 610 601 νῆσον
631 514 812 599 ΜεγίστηνΙ
845 515 925 579 crud.
948 511 984 578 ν’.
1025 510 1101 578 Ἀπὸ
1125 511 1278 598 Μεγίστης
1295 515 1336 590 εἰς
1398 537 1399 542 ’

232 696 299 743 steri
315 682 420 742 stadia
445 685 492 745 50.
529 686 563 764 ιΑ
583 683 714 764 ,Megiste
744 682 782 739 ad
809 682 934 740 insulam
964 679 1090 760 Rhogen
1113 679 1210 738 stadia
1234 679 1278 738 iu
1313 681 1336 738 A

232 853 409 916 scribendum
429 877 506 916 esser
531 855 593 915 Ἀπό
611 861 663 914 τοῦ
680 854 768 928 riupo-
804 867 836 913 ut
859 861 888 912 in
913 860 963 914 ilia
985 859 1071 912 uraris
1096 864 1178 927 parte
1209 860 1299 912 iacens
1322 875 1337 910 a

232 932 331 999 τηρίον
356 926 498 999 Ἅπέρλων.
548 928 770 997 Antiphelli
804 931 901 982 multis
930 930 1119 996 scriptoribus
1146 943 1338 980 commemora·

231 1002 355 1068 uestigia
373 1006 401 1051 et
419 1016 535 1060 nomeu,
553 999 582 1048 iu
603 997 769 1049 untifilo
804 1005 866 1060 tur,
885 997 956 1052 Plin.
977 999 1011 1060 V,
1035 999 1083 1062 313
1113 996 1234 1049 l'tulem.
1261 996 1290 1057 V,
1308 996 1337 1060 33

232 1077 385 1132 mutatum,
403 1067 486 1120 hodie
506 1081 616 1134 quoque
636 1065 770 1118 Brauior-
805 1065 902 1134 Stepb.
923 1083 945 1126 s.
959 1066 1101 1134 Μεγίστης
1122 1065 1185 1116 Liv.
1201 1065 1338 1126 xxxvu,

232 1138 275 1188 tio
294 1144 366 1188 teste
386 1143 504 1189 restant.
539 1138 629 1202 Atque
651 1143 682 1186 ut
703 1135 771 1185 olim
807 1138 849 1188 23.
886 1135 941 1187 Sed
960 1133 1030 1185 baec
1049 1133 1211 1187 enrendatio
1236 1135 1259 1184 si
1275 1148 1338 1184 rura

231 1207 275 1257 ita
292 1204 376 1258 bodio
390 1220 502 1273 quoque
516 1211 617 1272 portus
631 1209 683 1258 est.
707 1203 771 1254 Hoc
807 1210 867 1266 est,
906 1221 964 1254 non
999 1209 1094 1271 potest
1117 1202 1204 1254 scribi
1239 1196 1257 1268 ἡ
1293 1205 1339 1254 Κι-

231 1275 414 1327 memorabile
445 1281 503 1333 est,
535 1271 770 1340 quemadmodum
805 1269 909 1341 σθὴνη,
950 1272 1189 1340 quamobcausam
1219 1271 1338 1322 coniers·

232 1343 379 1402 aedilicia,
405 1356 520 1408 quorum
539 1341 678 1408 reliquiae
695 1345 770 1406 sunt,
804 1347 849 1394 rat
867 1343 941 1391 idem
960 1342 1007 1392 cir.
1020 1340 1166 1391 eruditusr
1190 1338 1238 1392 uui
1255 1336 1340 1406 Μηνί-

232 1412 273 1462 ita
289 1412 373 1461 etiam
388 1409 572 1479 epigrapbas,
588 1425 661 1477 quae
677 1424 772 1475 reper·
806 1425 871 1478 στη,
893 1411 935 1461 ita
951 1418 982 1461 ut
998 1425 1030 1460 ea
1047 1408 1142 1460 insula
1160 1408 1341 1475 intelligenda

232 1486 361 1536 tuesunt,
377 1494 461 1545 opere
478 1493 533 1529 nou
544 1479 693 1531 excellere.
715 1476 770 1527 rili·
806 1484 889 1537 esset,
905 1494 976 1545 quae
991 1477 1204 1544 ascriptoribus
1218 1476 1340 1527 omnibus

232 1553 301 1615 quot
330 1549 444 1609 literas,
471 1547 574 1614 quibus
598 1543 771 1614 epigrapbae
806 1547 957 1614 Δολιχίστη
991 1547 1105 1598 dicitur.
1157 1547 1221 1608 Qua
1254 1545 1340 1595 conie-

232 1616 406 1682 compositae
439 1622 522 1678 sunt,
556 1614 686 1683 alioquin
715 1628 772 1664 nou
806 1621 889 1666 crura
926 1616 987 1666 iure
1020 1614 1182 1682 improbata
1222 1611 1340 1664 'l'zscbu-

231 1685 368 1744 invenias.
412 1683 553 1752 Oppidum
579 1682 771 1735 Pbcllus
806 1673 1342 1750 ckiusetKoraesscripseruntr‘inui

233 1753 318 1820 (quod
342 1768 442 1804 nonren
462 1751 645 1804 corticem
664 1751 771 1820 siguifi-
806 1748 950 1820 Κισθήνη,
980 1753 1022 1803 ita
1054 1757 1086 1802 ut
1119 1750 1224 1803 Strabo
1257 1751 1341 1804 dicut:

232 1819 771 1888 cat),cnidutiphellusquasiuppo·
807 1835 880 1888 quae
913 1822 998 1872 etiam
1032 1818 1164 1872 Cistbene
1198 1819 1341 1884 (dir-itur).

232 1891 288 1940 sita
316 1898 373 1953 est,
404 1906 421 1940 a
453 1893 521 1939 mari
554 1896 691 1940 remotum
719 1894 770 1940 est
807 1889 866 1958 Nos
889 1889 938 1956 qui
958 1885 1044 1957 pror}
1061 1889 1155 1939 solum
1179 1882 1198 1956 ἤ
1225 1888 1341 1939 scriben-

232 1958 332 2023 ltaque
368 1957 438 2008 dicit
475 1957 597 2008 Plinius:
645 1957 772 2022 Oppida:
807 1957 873 2008 dum
895 1957 1041 2018 ducimus,
1068 1972 1124 2008 non
1147 1964 1242 2008 tamen
1260 1957 1342 2007 iidem

198 2047 201 2054 ⁴
232 2028 279 2090 llp
288 2040 355 2090 yre
374 2033 403 2077 et
422 2023 674 2091 Antiphellus,
699 2039 772 2092 quae
807 2026 1015 2088 existimamus,
1031 2040 1130 2076 nomen
1148 2023 1296 2077 Cisthenes
1309 2023 1342 2074 ad

232 2093 374 2159 quondam
400 2094 605 2146 liabessus,
631 2099 716 2160 atque
742 2095 771 2142 in
806 2093 925 2144 insulam
942 2109 1003 2160 esse
1017 2093 1207 2159 referendum,
1220 2093 1272 2144 sed
1288 2099 1342 2143 tan·

232 2175 346 2212 recessu
385 2161 547 2214 Plreilus.
601 2161 678 2212 llaec
709 2161 772 2226 ipsa
808 2169 864 2212 tum
883 2162 967 2213 urodo
986 2163 1021 2214 ad
1039 2163 1146 2222 urbem,
1165 2177 1248 2230 quam
1268 2168 1342 2228 puta·

233 2231 319 2280 rerba
336 2245 395 2281 uum
416 2228 561 2282 Sicklerus
589 2231 664 2281 male
687 2229 771 2281 intei-
806 2246 878 2293 mus,
896 2230 980 2281 initio
997 2229 1149 2282 Cistbenen
1167 2231 1341 2298 appeliatum,

231 2297 364 2359 luxisset,
395 2297 466 2350 baec
494 2299 623 2364 scripsit:
662 2299 771 2349 Anti·
807 2289 871 2366 post
890 2305 990 2351 numen
1016 2299 1050 2350 ab
1076 2299 1169 2351 insula
1195 2295 1341 2366 accepisse.

232 2364 397 2434 phallus,
432 2366 530 2428 iriiber
563 2366 771 2427 Habessus,
805 2371 897 2434 Atque
924 2355 1000 2435 apud
1028 2368 1184 2420 isocratem
1211 2380 1340 2435 panegyr.

232 2449 276 2486 am
300 2436 391 2487 llnt'cn
410 2435 572 2487 Plrellus.
610 2436 670 2486 Nec
696 2441 771 2487 recte
807 2451 868 2502 cap.
887 2437 930 2487 41.
949 2436 991 2487 sic
1010 2444 1066 2487 est:
1096 2431 1224 2520 Τὴνμέν
1247 2426 1343 2503 pepsr'

231 2501 301 2554 baec
321 2504 393 2554 dixit
416 2503 533 2556 Strabo:
560 2498 590 2555 ἐν
616 2499 647 2556 δὲ
670 2505 705 2572 τῇ
727 2519 772 2570 με·
806 2497 965 2570 Ἀγησιλάου
990 2503 1141 2572 στρατίαν,
1167 2498 1239 2556 nursi
1257 2505 1342 2572 μῆνας

233 2572 334 2644 σογαίρι
365 2572 454 2644 χωρία
476 2565 592 2632 ,Φελλός
621 2569 669 2624 uui
694 2569 773 2623 Αντί-
807 2577 869 2634 ταῖς
886 2569 995 2625 tantus
1015 2569 1158 2636 δαπάναις
1180 2567 1343 2640 διέθρεψαν,

232 2641 332 2706 uastius
350 2635 426 2707 καὶὴ
438 2639 574 2707 Χίμαιρα,
588 2629 622 2706 ἧς
638 2635 773 2707 ἐμνήσθη·
806 2635 874 2702 τούς
892 2637 924 2694 δὲ
941 2637 1012 2707 νπὲρ
1034 2634 1129 2694 αὐτοῖν
1149 2637 1343 2694 sternuisse.

231 2724 282 2774 μεν
303 2703 406 2760 ἐποὶνω.
436 2709 544 2759 Plinius
567 2707 648 2774 dicit,
670 2708 773 2769 ΧΧΧΙ,
808 2727 858 2774 τας
876 2705 973 2776 ἑτέρον
998 2705 1138 2762 τοσούτου
1168 2705 1273 2776 χρόνον
1299 2701 1345 2760 τὸν

232 2777 282 2836 47,
314 2776 496 2827 mollissimas
527 2777 661 2844 spongias
697 2777 775 2827 circa
807 2772 913 2838 μισθὸν
951 2771 1157 2845 ἀπεστέρησαν·
1202 2776 1262 2830 Καὶ
1291 2778 1344 2836 τοῖς

232 2857 328 2895 muros
349 2843 502 2910 Antiphelli
520 2845 597 2895 urbis
618 2845 747 2910 reperiri.
807 2839 861 2912 'piu
876 2843 1022 2913 Κισθήνην
1039 2845 1268 2908 καταλαβοῦσιν,
1286 2841 1342 2896 ἕνα·

269 2909 295 2976 l)
314 2914 345 2964 lu
361 2910 525 2980 apographo
540 2921 600 2964 est:
618 2908 772 2980 Μιγέστην.
808 2909 858 2965 τὸν
871 2912 995 2966 τάλαντα
1007 2910 1159 2981 διένειμαν,
1173 2908 1241 2974 τούς
1256 2905 1344 2980 δὲμετ’

233 2979 365 3041 Mensura
384 2979 459 3030 baud
479 2979 564 3030 dubie
588 2981 664 3030 iusto
683 2982 773 3031 maior
808 2977 916 3036 ἑοιατσῖν
938 2982 978 3044 εἰς
1002 2978 1121 3050 Κύπρον
1147 2975 1344 3050 στρατευσαμέ-

233 3051 286 3099 est.
323 3047 402 3098 Haec
421 3047 513 3098 insula
538 3045 623 3098 bodie
642 3049 775 3100 Kaste·
807 3065 873 3111 νοος
895 3051 1004 3120 μᾶλλον
1029 3043 1048 3119 ἢ
1073 3052 1140 3112 τοῦς
1157 3047 1344 3118 αἰχμαλώτους

233 3113 359 3166 1σοίτο
386 3115 446 3166 sive
465 3115 717 3183 Castelrosso‚
742 3117 773 3168 id
806 3111 929 3187 ὕβριζον
967 3120 997 3168 si
1020 3136 1073 3168 nun
1092 3121 1263 3171 Aaeolurum
1282 3118 1343 3169 urbs

234 3193 277 3237 cst
298 3183 445 3235 castellum
460 3184 586 3250 rubrum,
607 3184 713 3236 dicitur
730 3186 773 3237 id·
807 3189 921 3254 aliqua,
957 3193 989 3237 ut
1018 3188 1138 3240 Hieron.
1162 3187 1343 3252 wolfiuspu·
1385 3237 1393 3248 ⁸

232 3260 423 3320 quopropter
446 3252 577 3329 colorpm
597 3255 707 3321 rupium
731 3256 773 3306 in·
795 3261 866 3316 ¹tat,
898 3255 1088 3323 intelligenda
1112 3261 1170 3317 est,
1198 3257 1248 3307 sed
1284 3255 1344 3305 urbs

232 3323 322 3375 sulam
340 3322 525 3388 cingentium.
550 3321 704 3389 Antiquom
721 3338 769 3374 no·
806 3331 856 3375 aut
872 3323 966 3374 insula
984 3340 1038 3374 non
1064 3324 1107 3376 ita
1126 3325 1228 3391 procul
1251 3340 1270 3376 a
1296 3323 1343 3389 Cy·

232 3392 367 3444 meniure
381 3390 770 3460 insulaedatunrest‚quippa
806 3407 873 3458 pru,
892 3393 989 3459 quidni
1011 3391 1192 3444 (listhene
1220 3392 1291 3444 urbs
1307 3394 1343 3442 in·

150 3515 153 3522 k
232 3462 261 3511 in
279 3461 336 3511 isto
349 3459 418 3509 mari
434 3460 584 3513 prasimae.
602 3461 682 3526 Apud
693 3460 770 3512 Stra·
804 3460 900 3528 telligi
911 3461 1013 3526 possit.
1033 3460 1106 3512 Nam
1122 3472 1265 3527 occupata
1281 3460 1343 3514 urbe

232 3527 394 3580 bonemsic
413 3532 471 3577 est:
496 3522 613 3592 Μεταξΰ
635 3522 661 3580 δ’
678 3525 709 3581 ἐν
733 3530 772 3597 τῷ
806 3530 892 3580 etiam
917 3529 1014 3580 insula·
1048 3529 1077 3578 in
1107 3536 1279 3596 potestatem
1309 3528 1343 3580 ri·

234 3593 360 3665 λεχθέντι
372 3591 511 3662 παράπὶῳ
522 3597 606 3663 νησία
619 3592 710 3650 πολλοὶ
723 3596 772 3651 aul
807 3603 917 3648 ctorum
959 3597 1134 3650 discedebat.
1192 3597 1344 3649 Grosskur·

235 3661 347 3731 λιμένες,
369 3655 409 3716 ὦν
431 3662 480 3715 καὶ
496 3664 609 3731 peplum
626 3665 709 3732 νῆσος
724 3664 773 3719 καὶ
808 3666 871 3716 dius
883 3679 949 3716 reru
962 3666 1084 3718 insulam
1093 3665 1245 3720 cistbeneu
1258 3666 1343 3718 luisse

233 3731 314 3794 πόλις
343 3727 488 3800 ὁμώνυμος
511 3727 528 3800 ἡ
553 3729 688 3801 Κισθήνη.
722 3738 774 3786 lta
807 3740 888 3802 putat
906 3734 991 3800 (quod
1008 3742 1075 3786 aaa
1097 3737 1209 3788 nemine
1229 3749 1343 3786 comme·

234 3805 300 3852 ante
319 3798 525 3858 'l'zscbuclrium
549 3800 635 3868 vulgo
661 3803 774 3870 legalia·
809 3809 944 3864 moretur,
955 3803 984 3852 id
1000 3803 1056 3854 nori
1072 3811 1275 3874 argumentum
1287 3815 1344 3856 esso

233 3875 297 3930 tur,
321 3877 352 3920 ut
372 3869 513 3920 sententia
530 3866 599 3919 baec
627 3879 717 3922 esset:
743 3872 772 3922 iu
807 3872 863 3933 ait,
881 3887 944 3922 eam
962 3873 1117 3924 etiamnon
1142 3870 1241 3930 luisse)
1262 3870 1343 3926 etid-

234 3936 337 4004 quibus
359 3938 443 3988 etiam
469 3943 512 4007 est
535 3937 658 3988 maxima
680 3940 774 3990 insula
808 3955 842 3992 eo
861 3939 947 3992 scribi
965 3941 1026 3991 vult
1041 3939 1090 3994 uui
1107 3935 1125 4010 ἦ
1143 3936 1276 4010 Κισθήνη
1300 3945 1345 3992 aut

235 4003 367 4056 (listhene
391 4012 420 4057 et
444 4006 509 4057 urbs
536 4006 661 4058 eiusdem
686 4009 774 4058 nomi·
807 4009 894 4060 etiam
920 4005 969 4061 eal
991 4005 1130 4078 Κισσήτη.
1167 4011 1249 4072 Quae
1284 4023 1344 4062 σοο-

233 4075 287 4126 nis.
329 4071 383 4124 Sed
418 4073 473 4124 iam
503 4073 659 4128 Salmasius
683 4080 773 4140 (eren
806 4078 919 4129 iectura
939 4091 1001 4128 cum
1024 4078 1133 4146 alloqui
1161 4078 1241 4130 nullo
1265 4077 1344 4130 modo

234 4143 296 4194 citt.
315 4143 344 4191 in
364 4140 453 4193 Sulln.
476 4157 503 4207 p.
523 4144 585 4207 552)
612 4148 694 4198 recte,
713 4159 775 4197 cor·
808 4145 1026 4212 probanduest,
1058 4153 1117 4198 turn
1136 4145 1220 4213 plane
1234 4144 1345 4198 fallitur

206 4271 209 4279 1
233 4210 346 4281 rigebat
360 4209 503 4278 Μεγίστη,
520 4227 584 4264 nam
597 4209 667 4267 baec
680 4213 772 4268 insula
808 4215 852 4267 rir
871 4214 985 4277 doctus,
1013 4229 1077 4269 curu
1101 4215 1205 4280 addat,
1237 4213 1342 4270 cistho-
