2872 4814
202 417 265 481 em
308 497 309 500 w
412 410 702 475 ernernenos
720 388 830 472 erui
847 408 1107 472 naeinaorn

203 597 296 690 ,ru'·¹
319 596 459 675 πλεύσας
480 599 513 664 δὲ
535 585 748 680 iporiensis
770 593 941 678 semiped
954 593 1068 678 νήσους
1090 593 1242 680 Νὴοοροο
1267 595 1317 661 soi

203 697 260 782 τὴν
279 695 547 762 Ἀστυπάλαιαν*
579 698 611 761 ἐκ
634 695 667 762 δὲ
690 701 753 760 τοῖν
774 697 881 772 δεξιῶν
902 692 958 778 τὴν
979 693 1034 762 nri
1056 691 1115 760 eal
1134 693 1191 778 τὴν
1213 697 1317 782 Λέρου

202 799 253 861 stul
273 794 523 883 sdv''Apovpyov
551 795 602 860 eoi
621 795 688 861 Ἴον
714 795 765 860 eat
790 795 917 860 Σίκινον
945 795 997 862 sol
1024 791 1082 877 τὴν
1102 795 1239 880 Δάφνην
1267 797 1317 862 eoi

202 963 316 1042 rigabis
341 973 440 1021 autem
465 963 503 1021 ad
530 945 815 1020 sinistram'hsbenr
841 964 953 1020 insulas
973 961 1121 1040 Nesyrum
1139 972 1171 1020 et
1188 961 1318 1040 Astypa-
1346 985 1349 990 ·

202 1043 314 1109 laeam,
334 1039 371 1096 ad
397 1041 530 1096 dextram
549 1053 647 1096 autem
667 1036 729 1095 Coa
747 1049 778 1094 et
795 1041 901 1096 herum
928 1048 959 1096 et
982 1039 1074 1098 Amur
1095 1059 1135 1098 on
1161 1048 1191 1096 et
1211 1038 1267 1098 lon
1290 1050 1320 1098 et

202 1115 335 1178 Sicinum
360 1127 390 1174 et
408 1113 553 1193 Daphnen
586 1125 616 1172 et
635 1113 742 1172 Derane
770 1124 801 1172 et
827 1113 984 1191 Seriphum
1003 1125 1034 1173 et
1059 1060 1218 1193 elifium
1258 1113 1319 1174 De-

203 1296 292 1348 terius
305 1297 329 1345 si
349 1303 408 1357 est,
426 1294 525 1362 (idque
543 1308 610 1344 sane
628 1292 742 1344 videtur
775 1307 846 1360 rani,
863 1291 961 1344 urbem
975 1290 1134 1355 habentem,
1150 1293 1230 1348 inter
1245 1291 1319 1348 Rho·

203 1363 378 1430 probabilius
395 1365 468 1426 esse)
493 1363 585 1412 insula
609 1361 644 1414 ab
663 1361 741 1422 urbe,
777 1361 842 1413 dum
870 1362 1039 1431 cretamque
1070 1363 1175 1418 lacere.
1211 1359 1321 1417 Barke·

202 1448 275 1500 quae
299 1435 419 1498 prinlum
448 1432 476 1482 in
502 1437 583 1482 caet
606 1431 635 1481 in
667 1429 740 1481 colle
774 1429 846 1491 lius,
881 1430 930 1498 qui
952 1436 1109 1500 postremus
1141 1431 1236 1483 edidit
1260 1431 1320 1484 Ste-

202 1501 314 1568 quidem
333 1501 525 1561 condebatur,
551 1511 741 1550 nomenacce·
775 1496 861 1566 pisani
879 1498 1008 1560 lexicon,
1031 1503 1110 1564 (nam
1138 1499 1320 1552 Dindorliunr

203 1572 254 1636 pit.
285 1569 376 1636 Atque
391 1568 508 1619 eandem
524 1567 560 1618 ob
574 1582 686 1620 causam
698 1567 741 1618 in·
775 1583 831 1618 non
848 1566 933 1620 laeile
955 1568 1104 1636 quisquam
1121 1568 1265 1622 editorem
1281 1568 1321 1619 di·

202 1638 265 1689 sula
292 1635 470 1688 nobilissima
491 1636 630 1698 Samos,
666 1649 740 1703 quae
771 1637 868 1698 uerit)
887 1643 984 1706 putat,
1004 1637 1322 1705 0rtelioassensus,in

202 1705 631 1758 antearell’urtbenianel
651 1703 740 1770 Dry·
777 1705 869 1756 altera
897 1705 1070 1771 Astypalaea
1098 1705 1171 1757 illud
1191 1721 1321 1772 promon—
1430 1761 1431 1764 ,

202 1789 266 1826 osa
291 1775 334 1824 vel
352 1773 583 1826 Anthemusa
608 1773 650 1824 vel
669 1773 742 1824 Me·
777 1773 881 1825 terium
900 1773 1007 1836 latere,
1036 1774 1112 1843 quod
1139 1789 1157 1826 a
1180 1773 1321 1828 Strabone
1430 1807 1431 1830 r

88 1875 92 1882 ·
201 1841 412 1909 lamphylns
431 1843 596 1902 dicebatur,
622 1841 674 1892 hoc
697 1856 743 1892 ae·
778 1839 832 1910 (el.
859 1857 923 1910 pag.
951 1840 1019 1907 259)
1052 1843 1114 1912 agri
1146 1843 1322 1910 Myndorum
1430 1835 1431 1848 ¹

203 1913 279 1977 cepit
299 1926 409 1971 ironica.
445 1913 548 1962 Postea
566 1910 641 1960 enim
660 1925 743 1977 quam
777 1925 840 1961 esse
875 1910 999 1973 dicitur3
1026 1920 1090 1963 nam
1118 1907 1175 1962 hoc
1200 1911 1322 1964 insulam

203 1982 269 2030 urbs
298 1981 397 2030 Samos
420 1977 621 2030 florentissima
647 1986 744 2044 peten-
778 1993 841 2029 esse
874 1994 967 2046 posse.
1024 1978 1081 2032 Sed
1109 1982 1236 2099 primum
1270 1979 1322 2032 hoo

203 2048 370 2114 tisslnraque
389 2058 547 2098 ceterarum
572 2047 681 2098 insulae
699 2061 745 2096 ur·
778 2049 1000 2114 promontorium
1034 2063 1107 2116 nequ
1156 2049 1253 2108 insula
1279 2053 1323 2101 est

202 2116 281 2166 bium
305 2115 383 2166 iacta
412 2121 471 2177 est,
503 2117 565 2166 eius
593 2129 691 2167 nomen
715 2115 745 2165 in
779 2131 871 2183 neque
895 2118 973 2168 inter
997 2114 1127 2168 Rhodum
1152 2118 1323 2186 cretamque

203 2189 292 2236 totam
328 2182 449 2235 insulam
486 2183 656 2236 translatum
691 2190 745 2236 est.
778 2185 872 2246 iacet,
910 2183 1014 2237 deinde
1043 2183 1232 2238 dubitandum
1267 2199 1324 2238 non

204 2254 332 2320 (luneque
357 2257 494 2314 sciamus,
514 2253 589 2318 apud
619 2259 745 2304 veterem
780 2258 850 2313 est,
871 2254 938 2321 quin
969 2251 1105 2322 Stephani
1135 2255 1323 2322 Astypalaeae

123 2373 127 2384 ,
204 2319 318 2374 Samum
337 2321 435 2372 urbem
464 2329 587 2372 montem
612 2335 691 2381 esse,
715 2321 744 2370 in
780 2321 926 2373 duaeuna
949 2323 1008 2374 sint
1030 2321 1185 2390 eademqne
1211 2323 1321 2386 insula3

205 2400 259 2458 quo
278 2391 445 2458 postetium
466 2405 515 2441 arx
542 2397 633 2451 esset,
658 2389 745 2440 facile
780 2405 900 2457 nanrque
925 2391 1114 2459 Astypalaea,
1148 2405 1236 2460 quam
1271 2392 1323 2458 Cy·

203 2459 406 2526 intelligimus,
433 2460 482 2527 qni
508 2458 616 2509 iactum
634 2459 687 2519 sit,
714 2463 746 2507 ut
782 2457 894 2510 cladem
918 2460 960 2510 eit
986 2475 1062 2523 esse,
1099 2457 1171 2512 llaec
1189 2467 1251 2528 est,
1289 2459 1322 2511 de

204 2543 238 2580 ea
252 2529 320 2580 urbs
338 2529 436 2579 Sanies
451 2529 602 2587 diceretur,
620 2526 747 2594 quodue
781 2528 861 2578 cuius
888 2528 944 2578 situ
969 2529 1045 2581 inter
1062 2542 1166 2581 omnes·
1183 2527 1323 2592 convenit,

104 2625 110 2634 ι
203 2608 306 2647 nomen
325 2605 384 2646 tum
399 2611 510 2663 quoque
529 2596 665 2657 retinuit,
683 2609 747 2644 cum
781 2611 834 2646 sec
853 2595 909 2646 alia
923 2597 1113 2667 intelligenda
1130 2603 1174 2649 est
1189 2613 1233 2658 ea,
1252 2611 1323 2666 quas

204 2666 285 2732 qnasi
306 2665 340 2716 ad
363 2666 472 2717 radices
498 2665 603 2715 orontis
630 2665 746 2715 descen·
782 2665 818 2714 ab
838 2679 872 2714 eo
891 2665 983 2718 media
1007 2667 1083 2718 inter
1103 2664 1235 2719 Rhodum
1259 2667 1324 2718 cre·

105 2731 108 2740 ’
204 2734 306 2787 disset·
347 2733 424 2800 Ergo
456 2731 599 2796 ridemus,
629 2733 746 2783 verbum
781 2733 1324 2803 tamqueeollocatnr,=proptereaqood

203 2798 303 2868 Σάμος
323 2804 442 2852 eandem
473 2810 560 2868 atque
592 2793 749 2869 ἀκρόπολιν
782 2817 845 2854 eum
864 2809 981 2870 apparet
998 2801 1070 2855 haec
1095 2803 1183 2855 rerba
1206 2802 1325 2855 Strabo·
1429 2825 1430 2836 ο

204 2867 310 2922 babere
329 2870 396 2923 vini.
781 2872 826 2921 nis
850 2885 997 2938 perperam
1024 2873 1213 2938 excerpsisse,
1241 2873 1260 2922 l.
1288 2872 1323 2933 X,

247 2939 273 3001 l)
304 2938 381 2988 llaec
416 2952 551 2989 niensura
586 2936 746 2987 stadiorum
781 2954 808 3004 p.
834 2941 899 2995 48⁸3
929 2935 968 2992 Ἦ
981 2936 1032 3006 μὲν
1064 2927 1117 2992 οὖν
1140 2935 1326 2992 decendium

204 3019 256 3074 pro
270 3020 335 3056 vera
346 3003 475 3056 habenda
492 3012 545 3072 est,
562 3007 747 3072 quippequae
782 3007 884 3068 ἱκανοῖς
899 3004 956 3062 ists
965 3007 1093 3076 πελαγία,
1105 3004 1218 3062 πόλιν
1232 3006 1324 3076 ἔχου-

107 3109 109 3114 ,
204 3071 747 3139 sdnrensuranr.lgatlrenrer·iaccedat,
783 3091 825 3128 σα
852 3086 881 3126 et
907 3078 992 3142 paulo
1024 3085 1104 3144 post:
1138 3075 1196 3130 Kal
1229 3071 1259 3128 ἐν
1286 3077 1327 3144 rp‘

205 3143 255 3210 qui
265 3139 390 3192 ilbodum
407 3140 548 3192 a'l'enedo
564 3141 656 3192 tribus
664 3140 747 3192 milli·
782 3140 946 3215 Καρπαθίφ
963 3139 989 3198 δ’
1002 3143 1056 3198 εἰσὶ
1068 3143 1173 3198 πολλοὶ
1185 3146 1326 3198 effinxere·

205 3213 258 3263 bus
277 3211 399 3262 CCCXK
417 3209 520 3260 stadiis
547 3210 648 3261 abesse
665 3209 747 3271 dicit,
783 3208 880 3277 poidonv
894 3208 997 3280 μεταξὺ
1016 3215 1065 3280 τῆς
1078 3208 1127 3266 Koi
1132 3209 1266 3298 1μάλιστα
1278 3210 1325 3266 eni

192 3280 254 3348 ’,οοὶ
273 3287 367 3336 tamen
386 3293 534 3340 nanterus,
553 3286 584 3330 ut
609 3279 670 3345 lpse
697 3279 748 3339 ait,
782 3275 882 3332 Ῥόδου
900 3281 950 3334 καὶ
971 3277 1097 3350 Κρήτης·
1120 3299 1161 3334 rev
1178 3281 1249 3338 eleis
1267 3274 1323 3334 ’Ac-

205 3349 327 3400 onmlum
354 3349 484 3416 minimus
509 3354 567 3414 ost,
599 3363 663 3398 nam
687 3347 749 3414 ipse
782 3345 927 3402 τοπάλαιοέ
952 3367 982 3404 τε
999 3349 1047 3404 nol
1068 3351 1159 3418 Τῆλος
1181 3349 1231 3403 eni
1253 3351 1325 3403 Xui-

206 3424 273 3469 ante
297 3417 356 3468 alia
383 3432 471 3484 euque
497 3417 584 3467 sumto
611 3415 873 3482 ampliorasion.
893 3436 919 3473 τ.
938 3420 963 3470 i..
999 3418 1042 3470 De
1065 3419 1255 3484 Astypalaeae
1278 3431 1325 3470 no·

206 3487 305 3537 attulit
326 3485 436 3552 spatia,
472 3497 527 3552 quo
554 3493 648 3536 tamen
675 3484 749 3545 loeo,
785 3485 909 3537 minibus
925 3487 967 3538 sic
984 3486 1058 3552 apud
1078 3485 1251 3554 Stephanum
1271 3493 1326 3538 est:

206 3554 273 3621 quid
294 3556 371 3605 inter
399 3552 526 3604 ilbodum
549 3553 752 3620 Tenedunrque
785 3548 926 3608 Ἐκαλεῖτο
945 3550 976 3607 dl
993 3551 1109 3622 Πῦῤῥοι,
1128 3557 1176 3608 Kn
1193 3556 1234 3608 niv
1252 3571 1328 3608 ποτε·

206 3623 291 3689 spatii
311 3624 364 3683 sit,
391 3637 446 3673 non
469 3621 559 3674 addit.
603 3623 754 3672 Praeterea
787 3619 909 3690 χόντων·
935 3619 996 3677 εἶτα
1013 3619 1144 3691 Πύλοιο,
1170 3574 1231 3678 &aa
1249 3623 1328 3683 Θεοῖο

209 3691 420 3760 intelligimus,
464 3703 546 3757 quent
587 3705 700 3742 cursum
739 3705 757 3740 a
788 3687 926 3758 τράπεζα,
946 3686 996 3744 διὰ
1019 3684 1052 3744 τὸ
1078 3685 1208 3759 ἀνθηρὰν
1232 3686 1327 3760 αὐτῆς.
1428 3699 1429 3706 ’

207 3757 308 3812 Rnouo
338 3759 485 3812 'l'enedum
515 3760 680 3824 enavigantes
711 3765 751 3810 te·
789 3751 909 3828 Ἐκλήθη
927 3755 959 3812 δὲ
977 3752 1035 3813 sind
1048 3753 1265 3824 Ἀστυπαλαίας,
1283 3762 1329 3828 τῆς

207 3842 275 3879 nere
299 3828 379 3878 soliti
405 3829 472 3880 sint.
515 3827 638 3880 Primum
675 3828 751 3880 enim
785 3821 909 3896 Ἀγκαίου
932 3824 1045 3896 μητρός.
1080 3830 1135 3897 iles
1152 3830 1195 3884 sic
1222 3845 1253 3881 ae
1282 3827 1327 3880 la·

198 3895 319 3950 'directo
338 3909 420 3948 cume
455 3895 629 3948 occidentem
655 3911 751 3946 versus
785 3896 843 3949 bet.
872 3897 967 3948 l'n'ma
985 3897 1095 3949 irrsulae
1113 3897 1181 3948 urbs
1198 3893 1280 3964 ἄστυ,
1297 3896 1327 3948 id

208 3964 238 4016 id
253 3973 297 4014 est
310 3965 339 4014 in
355 3964 503 4018 Graeciam
524 3979 622 4017 versus
637 3965 751 4032 naviga·
786 3971 830 4016 est
854 3959 952 4033 ἔξοχόν
970 3965 1029 4017 die
1060 3965 1185 4027 Stadt,
1216 3966 1329 4018 diceba·

208 4038 316 4086 tentae
331 4033 752 4106 tumdemum,propsinsnlanr
786 4039 841 4085 tur.
867 4031 989 4086 Posthac
1006 4049 1070 4086 cura
1085 4034 1143 4086 alla
1161 4035 1249 4088 etiam
1267 4049 1329 4086 eos-

208 4103 369 4164 Donnsnm‚
388 4102 596 4167 septentriones
617 4115 723 4154 sersus.
787 4101 918 4164 deretur,
950 4103 1030 4170 prior
1055 4097 1243 4156 namnetem
1272 4102 1329 4154 dici

243 4169 358 4238 tillon
376 4171 486 4221 nomine
508 4169 580 4222 duae
598 4185 616 4222 a
635 4169 753 4237 Stepha-
788 4177 891 4237 coeptu
908 4180 1076 4242 cremense
1093 4187 1154 4222 oum
1182 4171 1329 4239 opulentia

209 4253 246 4290 no
277 4239 389 4294 insulae
420 4238 599 4296 referuntur,
635 4253 753 4306 quartum
787 4241 1025 4308 multitudineque
1044 4241 1228 4293 incolentium
1254 4237 1343 4292 dara.

204 4305 296 4362 unsar
319 4307 391 4360 dicit
409 4307 564 4378 Cycladum
582 4321 661 4373 esse,
685 4308 754 4361 alte·
788 4316 882 4372 esset,
911 4310 973 4362 eius
993 4323 1095 4364 nomen
1119 4323 1265 4362 commune
1288 4317 1328 4360 to·
