<?xml version="1.0" encoding="UTF-8"?>
<!DOCTYPE html PUBLIC "-//W3C//DTD XHTML 1.0 Transitional//EN"
    "http://www.w3.org/TR/xhtml1/DTD/xhtml1-transitional.dtd">
<html xmlns="http://www.w3.org/1999/xhtml" xml:lang="en" lang="en">
 <head>
  <title>
</title>
<meta http-equiv="Content-Type" content="text/html;charset=utf-8" />
  <meta name='ocr-system' content='tesseract 3.04.00' />
  <meta name='ocr-capabilities' content='ocr_page ocr_carea ocr_par ocr_line ocrx_word'/>
</head>
<body>
  <div class='ocr_page' id='page_1' title='image "./marcianiperiplu00menigoog_0307.png"; bbox 0 0 2872 4814; ppageno 0'>
   <div class='ocr_carea' id='block_1_1' title="bbox 205 367 1116 460">
    <p class='ocr_par' dir='ltr' id='par_1_1' title="bbox 205 367 1116 460">
     <span class='ocr_line' id='line_1_1' title="bbox 205 367 1116 460; baseline -0.015 -15"><span class='ocrx_word' id='word_1_1' title='bbox 205 382 269 449; x_wconf 77' lang='lat' dir='ltr'><strong>ets</strong></span> <span class='ocrx_word' id='word_1_2' title='bbox 350 457 352 460; x_wconf 17' lang='lat'>¹</span> <span class='ocrx_word' id='word_1_3' title='bbox 421 375 710 439; x_wconf 69' lang='lat' dir='ltr'><strong>zrnrmrmor</strong></span> <span class='ocrx_word' id='word_1_4' title='bbox 729 375 837 437; x_wconf 78' lang='lat' dir='ltr'><strong>arur</strong></span> <span class='ocrx_word' id='word_1_5' title='bbox 857 367 1116 438; x_wconf 69' lang='lat' dir='ltr'><strong>caeruleos</strong></span> 
     </span>
    </p>
   </div>
   <div class='ocr_carea' id='block_1_2' title="bbox 201 553 1314 642">
    <p class='ocr_par' dir='ltr' id='par_1_2' title="bbox 201 553 1314 642">
     <span class='ocr_line' id='line_1_2' title="bbox 201 553 1314 642; baseline -0.008 -14"><span class='ocrx_word' id='word_1_6' title='bbox 201 563 292 628; x_wconf 81' lang='grc' dir='ltr'><strong>λλονι</strong></span> <span class='ocrx_word' id='word_1_7' title='bbox 319 561 400 627; x_wconf 79' lang='lat' dir='ltr'><strong>arad.</strong></span> <span class='ocrx_word' id='word_1_8' title='bbox 423 557 475 628; x_wconf 84' lang='grc' dir='ltr'><strong><em>ον.’</em></strong></span> <span class='ocrx_word' id='word_1_9' title='bbox 505 557 580 624; x_wconf 74' lang='grc' dir='ltr'><strong>Ἀπὸ</strong></span> <span class='ocrx_word' id='word_1_10' title='bbox 604 557 772 642; x_wconf 71' lang='grc' dir='ltr'><strong><em>Πανόρμου</em></strong></span> <span class='ocrx_word' id='word_1_11' title='bbox 795 558 839 633; x_wconf 71' lang='grc' dir='ltr'><strong>τίς</strong></span> <span class='ocrx_word' id='word_1_12' title='bbox 863 557 1052 626; x_wconf 65' lang='grc' dir='ltr'><strong>Ποσείδιον2</strong></span> <span class='ocrx_word' id='word_1_13' title='bbox 1078 557 1130 620; x_wconf 80' lang='grc' dir='ltr'><strong>ναί</strong></span> <span class='ocrx_word' id='word_1_14' title='bbox 1144 553 1314 638; x_wconf 55' lang='lat' dir='ltr'><strong>&#39;Maroneo</strong></span> 
     </span>
    </p>
   </div>
   <div class='ocr_carea' id='block_1_3' title="bbox 204 709 1315 806">
    <p class='ocr_par' dir='ltr' id='par_1_3' title="bbox 204 709 1315 806">
     <span class='ocr_line' id='line_1_3' title="bbox 204 709 1315 806; baseline -0.005 -20"><span class='ocrx_word' id='word_1_15' title='bbox 204 729 253 787; x_wconf 90' lang='lat' dir='ltr'><strong>dia</strong></span> <span class='ocrx_word' id='word_1_16' title='bbox 271 729 337 785; x_wconf 81' lang='lat'><strong>250.</strong></span> <span class='ocrx_word' id='word_1_17' title='bbox 377 729 401 784; x_wconf 83' lang='grc' dir='ltr'><strong>Α</strong></span> <span class='ocrx_word' id='word_1_18' title='bbox 429 726 572 806; x_wconf 78' lang='lat' dir='ltr'><strong>Panormo</strong></span> <span class='ocrx_word' id='word_1_19' title='bbox 599 728 630 784; x_wconf 90' lang='lat' dir='ltr'><strong>in</strong></span> <span class='ocrx_word' id='word_1_20' title='bbox 651 723 799 789; x_wconf 81' lang='lat' dir='ltr'><strong>Posidium</strong></span> <span class='ocrx_word' id='word_1_21' title='bbox 826 736 856 782; x_wconf 91' lang='lat' dir='ltr'><strong>et</strong></span> <span class='ocrx_word' id='word_1_22' title='bbox 876 727 1054 803; x_wconf 82' lang='lat' dir='ltr'><strong>Anoystrum</strong></span> <span class='ocrx_word' id='word_1_23' title='bbox 1074 710 1172 782; x_wconf 88' lang='lat' dir='ltr'><strong>stadia</strong></span> <span class='ocrx_word' id='word_1_24' title='bbox 1190 722 1253 781; x_wconf 79' lang='lat'>250.</span> <span class='ocrx_word' id='word_1_25' title='bbox 1290 709 1315 780; x_wconf 80' lang='grc' dir='ltr'><strong>Ᾱ</strong></span> 
     </span>
    </p>
   </div>
   <div class='ocr_carea' id='block_1_4' title="bbox 152 901 1326 3714">
    <p class='ocr_par' dir='ltr' id='par_1_4' title="bbox 152 901 1326 3714">
     <span class='ocr_line' id='line_1_4' title="bbox 203 901 1314 976; baseline -0.006 -17"><span class='ocrx_word' id='word_1_26' title='bbox 203 913 261 975; x_wconf 85' lang='lat' dir='ltr'><strong>est,</strong></span> <span class='ocrx_word' id='word_1_27' title='bbox 280 908 325 976; x_wconf 90' lang='lat' dir='ltr'><strong>qui</strong></span> <span class='ocrx_word' id='word_1_28' title='bbox 355 923 371 958; x_wconf 84' lang='lat' dir='ltr'><strong>a</strong></span> <span class='ocrx_word' id='word_1_29' title='bbox 397 903 470 959; x_wconf 87' lang='lat' dir='ltr'><strong>Delo</strong></span> <span class='ocrx_word' id='word_1_30' title='bbox 494 919 549 958; x_wconf 87' lang='lat' dir='ltr'><strong>nen</strong></span> <span class='ocrx_word' id='word_1_31' title='bbox 576 907 637 974; x_wconf 86' lang='lat' dir='ltr'><strong>plus</strong></span> <span class='ocrx_word' id='word_1_32' title='bbox 665 911 741 955; x_wconf 86' lang='lat' dir='ltr'><strong>octo·</strong></span> <span class='ocrx_word' id='word_1_33' title='bbox 776 901 891 957; x_wconf 82' lang='lat' dir='ltr'><strong>ridetur</strong></span> <span class='ocrx_word' id='word_1_34' title='bbox 911 917 988 967; x_wconf 86' lang='lat' dir='ltr'><strong>esse,</strong></span> <span class='ocrx_word' id='word_1_35' title='bbox 1008 902 1058 954; x_wconf 87' lang='lat' dir='ltr'><strong>ubi</strong></span> <span class='ocrx_word' id='word_1_36' title='bbox 1076 909 1155 954; x_wconf 86' lang='lat' dir='ltr'><strong>certe</strong></span> <span class='ocrx_word' id='word_1_37' title='bbox 1172 901 1202 952; x_wconf 88' lang='lat' dir='ltr'><strong>in</strong></span> <span class='ocrx_word' id='word_1_38' title='bbox 1219 907 1314 953; x_wconf 87' lang='lat' dir='ltr'><strong>nostra</strong></span> 
     </span>
     <span class='ocr_line' id='line_1_5' title="bbox 201 971 1317 1044; baseline -0.005 -18"><span class='ocrx_word' id='word_1_39' title='bbox 201 978 284 1044; x_wconf 82' lang='lat' dir='ltr'><strong>ginta</strong></span> <span class='ocrx_word' id='word_1_40' title='bbox 321 975 415 1028; x_wconf 80' lang='lat' dir='ltr'><strong>stadia</strong></span> <span class='ocrx_word' id='word_1_41' title='bbox 455 977 554 1027; x_wconf 84' lang='lat' dir='ltr'><strong>abesse</strong></span> <span class='ocrx_word' id='word_1_42' title='bbox 587 971 742 1026; x_wconf 75' lang='lat' dir='ltr'><strong>scribituri</strong></span> <span class='ocrx_word' id='word_1_43' title='bbox 778 974 904 1025; x_wconf 79' lang='lat' dir='ltr'><strong>editione</strong></span> <span class='ocrx_word' id='word_1_44' title='bbox 931 977 1063 1024; x_wconf 87' lang='lat' dir='ltr'><strong>accentus</strong></span> <span class='ocrx_word' id='word_1_45' title='bbox 1089 972 1198 1037; x_wconf 90' lang='lat' dir='ltr'><strong>positus</strong></span> <span class='ocrx_word' id='word_1_46' title='bbox 1222 976 1263 1022; x_wconf 87' lang='lat' dir='ltr'><strong>est</strong></span> <span class='ocrx_word' id='word_1_47' title='bbox 1284 972 1317 1020; x_wconf 88' lang='lat' dir='ltr'><strong>iu</strong></span> 
     </span>
     <span class='ocr_line' id='line_1_6' title="bbox 203 1041 1319 1112; baseline -0.004 -16"><span class='ocrx_word' id='word_1_48' title='bbox 203 1046 294 1112; x_wconf 79' lang='lat' dir='ltr'><strong>Supra</strong></span> <span class='ocrx_word' id='word_1_49' title='bbox 327 1059 476 1110; x_wconf 80' lang='lat' dir='ltr'>panormus</span> <span class='ocrx_word' id='word_1_50' title='bbox 507 1043 743 1096; x_wconf 85' lang='lat' dir='ltr'><strong>commemoraba-</strong></span> <span class='ocrx_word' id='word_1_51' title='bbox 777 1042 941 1110; x_wconf 80' lang='lat' dir='ltr'><strong>penultima</strong></span> <span class='ocrx_word' id='word_1_52' title='bbox 953 1041 1319 1108; x_wconf 79' lang='lat' dir='ltr'><strong>rlcsineduhioetiampe-</strong></span> 
     </span>
     <span class='ocr_line' id='line_1_7' title="bbox 201 1104 1319 1178; baseline -0.005 -14"><span class='ocrx_word' id='word_1_53' title='bbox 201 1120 250 1166; x_wconf 89' lang='lat' dir='ltr'><strong>tur·</strong></span> <span class='ocrx_word' id='word_1_54' title='bbox 275 1111 441 1164; x_wconf 86' lang='lat' dir='ltr'><strong>Naniorum.</strong></span> <span class='ocrx_word' id='word_1_55' title='bbox 479 1113 565 1164; x_wconf 84' lang='lat' dir='ltr'><strong>Estne</strong></span> <span class='ocrx_word' id='word_1_56' title='bbox 588 1113 614 1162; x_wconf 92' lang='lat' dir='ltr'><strong>is</strong></span> <span class='ocrx_word' id='word_1_57' title='bbox 639 1110 743 1163; x_wconf 85' lang='lat' dir='ltr'><strong>intelli·</strong></span> <span class='ocrx_word' id='word_1_58' title='bbox 778 1109 844 1178; x_wconf 90' lang='lat' dir='ltr'><strong>ripli</strong></span> <span class='ocrx_word' id='word_1_59' title='bbox 865 1117 965 1161; x_wconf 77' lang='lat' dir='ltr'><strong>auctor</strong></span> <span class='ocrx_word' id='word_1_60' title='bbox 982 1104 1127 1177; x_wconf 81' lang='grc' dir='ltr'><strong><em>Βορμόλιοι</em></strong></span> <span class='ocrx_word' id='word_1_61' title='bbox 1142 1108 1268 1175; x_wconf 84' lang='lat' dir='ltr'><strong>scripsit,</strong></span> <span class='ocrx_word' id='word_1_62' title='bbox 1285 1113 1319 1158; x_wconf 88' lang='lat' dir='ltr'><strong>ut</strong></span> 
     </span>
     <span class='ocr_line' id='line_1_8' title="bbox 203 1177 1318 1248; baseline -0.005 -14"><span class='ocrx_word' id='word_1_63' title='bbox 203 1180 331 1248; x_wconf 75' lang='lat' dir='ltr'><strong>gendari</strong></span> <span class='ocrx_word' id='word_1_64' title='bbox 350 1181 406 1234; x_wconf 80' lang='lat' dir='ltr'><strong>Sed</strong></span> <span class='ocrx_word' id='word_1_65' title='bbox 431 1187 491 1233; x_wconf 79' lang='lat' dir='ltr'><strong>tum</strong></span> <span class='ocrx_word' id='word_1_66' title='bbox 508 1194 642 1234; x_wconf 79' lang='lat' dir='ltr'><strong>mensura</strong></span> <span class='ocrx_word' id='word_1_67' title='bbox 668 1181 743 1231; x_wconf 89' lang='lat' dir='ltr'><strong>iusto</strong></span> <span class='ocrx_word' id='word_1_68' title='bbox 777 1179 908 1248; x_wconf 83' lang='lat' dir='ltr'><strong>proiecto</strong></span> <span class='ocrx_word' id='word_1_69' title='bbox 923 1178 1015 1230; x_wconf 89' lang='lat' dir='ltr'><strong>altero</strong></span> <span class='ocrx_word' id='word_1_70' title='bbox 1033 1179 1097 1228; x_wconf 89' lang='lat' dir='ltr'><strong>loco</strong></span> <span class='ocrx_word' id='word_1_71' title='bbox 1110 1179 1198 1229; x_wconf 80' lang='lat' dir='ltr'><strong>etiam</strong></span> <span class='ocrx_word' id='word_1_72' title='bbox 1211 1177 1318 1244; x_wconf 73' lang='lat' dir='ltr'><strong>&#39;inopo-</strong></span> 
     </span>
     <span class='ocr_line' id='line_1_9' title="bbox 204 1245 1317 1316; baseline -0.005 -15"><span class='ocrx_word' id='word_1_73' title='bbox 204 1253 295 1302; x_wconf 88' lang='lat' dir='ltr'><strong>minor</strong></span> <span class='ocrx_word' id='word_1_74' title='bbox 313 1257 370 1314; x_wconf 83' lang='lat' dir='ltr'><strong>est;</strong></span> <span class='ocrx_word' id='word_1_75' title='bbox 396 1265 430 1300; x_wconf 92' lang='lat' dir='ltr'><strong>an</strong></span> <span class='ocrx_word' id='word_1_76' title='bbox 459 1249 670 1316; x_wconf 79' lang='lat' dir='ltr'><strong>propinquioris</strong></span> <span class='ocrx_word' id='word_1_77' title='bbox 694 1249 745 1300; x_wconf 92' lang='lat' dir='ltr'><strong>ali·</strong></span> <span class='ocrx_word' id='word_1_78' title='bbox 778 1247 887 1316; x_wconf 87' lang='lat' dir='ltr'><strong>grapho</strong></span> <span class='ocrx_word' id='word_1_79' title='bbox 901 1245 1065 1315; x_wconf 80' lang='grc' dir='ltr'><strong><em>Βαργολίωο</em></strong></span> <span class='ocrx_word' id='word_1_80' title='bbox 1085 1253 1138 1298; x_wconf 90' lang='lat' dir='ltr'><strong>est.</strong></span> <span class='ocrx_word' id='word_1_81' title='bbox 1164 1245 1243 1312; x_wconf 78' lang='lat' dir='ltr'><strong>Apud</strong></span> <span class='ocrx_word' id='word_1_82' title='bbox 1258 1245 1317 1296; x_wconf 87' lang='lat' dir='ltr'><strong>Me-</strong></span> 
     </span>
     <span class='ocr_line' id='line_1_10' title="bbox 203 1314 1320 1384; baseline -0.004 -15"><span class='ocrx_word' id='word_1_83' title='bbox 203 1319 282 1370; x_wconf 87' lang='lat' dir='ltr'><strong>cuius</strong></span> <span class='ocrx_word' id='word_1_84' title='bbox 318 1319 443 1379; x_wconf 80' lang='lat' dir='ltr'><strong>insulae,</strong></span> <span class='ocrx_word' id='word_1_85' title='bbox 485 1318 573 1370; x_wconf 86' lang='lat' dir='ltr'><strong>veluti</strong></span> <span class='ocrx_word' id='word_1_86' title='bbox 611 1317 743 1381; x_wconf 84' lang='lat' dir='ltr'><strong>Myconi,</strong></span> <span class='ocrx_word' id='word_1_87' title='bbox 779 1319 834 1369; x_wconf 83' lang='lat' dir='ltr'><strong>lam</strong></span> <span class='ocrx_word' id='word_1_88' title='bbox 854 1323 898 1368; x_wconf 90' lang='lat' dir='ltr'><strong>est</strong></span> <span class='ocrx_word' id='word_1_89' title='bbox 925 1314 1125 1384; x_wconf 74' lang='lat' dir='ltr'><strong>Bargylos.</strong></span> <span class='ocrx_word' id='word_1_90' title='bbox 1161 1315 1250 1368; x_wconf 82' lang='lat' dir='ltr'><strong>Cuius</strong></span> <span class='ocrx_word' id='word_1_91' title='bbox 1271 1329 1320 1364; x_wconf 90' lang='lat' dir='ltr'><strong>au·</strong></span> 
     </span>
     <span class='ocr_line' id='line_1_11' title="bbox 204 1379 1318 1454; baseline -0.003 -17"><span class='ocrx_word' id='word_1_92' title='bbox 204 1385 323 1454; x_wconf 69' lang='lat' dir='ltr'><strong>pertusi</strong></span> <span class='ocrx_word' id='word_1_93' title='bbox 364 1387 404 1436; x_wconf 84' lang='lat' dir='ltr'><strong>Ao</strong></span> <span class='ocrx_word' id='word_1_94' title='bbox 431 1400 494 1436; x_wconf 86' lang='lat' dir='ltr'><strong>rero</strong></span> <span class='ocrx_word' id='word_1_95' title='bbox 528 1401 679 1454; x_wconf 79' lang='lat' dir='ltr'><strong>panormus</strong></span> <span class='ocrx_word' id='word_1_96' title='bbox 704 1387 743 1435; x_wconf 92' lang='lat' dir='ltr'><strong>in·</strong></span> <span class='ocrx_word' id='word_1_97' title='bbox 780 1393 835 1438; x_wconf 83' lang='lat' dir='ltr'><strong>tem</strong></span> <span class='ocrx_word' id='word_1_98' title='bbox 850 1385 992 1452; x_wconf 85' lang='lat' dir='ltr'><strong>scriptura</strong></span> <span class='ocrx_word' id='word_1_99' title='bbox 1006 1379 1162 1453; x_wconf 74' lang='lat' dir='ltr'><strong>Bargylias</strong></span> <span class='ocrx_word' id='word_1_100' title='bbox 1179 1384 1225 1444; x_wconf 83' lang='lat' dir='ltr'><strong>sit,</strong></span> <span class='ocrx_word' id='word_1_101' title='bbox 1238 1398 1318 1452; x_wconf 83' lang='lat' dir='ltr'><strong>quam</strong></span> 
     </span>
     <span class='ocr_line' id='line_1_12' title="bbox 152 1447 1321 1526; baseline -0.002 -20"><span class='ocrx_word' id='word_1_102' title='bbox 152 1493 154 1496; x_wconf 87' lang='lat'>-</span> <span class='ocrx_word' id='word_1_103' title='bbox 203 1453 298 1526; x_wconf 84' lang='lat' dir='ltr'><strong>telligi</strong></span> <span class='ocrx_word' id='word_1_104' title='bbox 322 1447 424 1516; x_wconf 87' lang='lat' dir='ltr'><strong>debet,</strong></span> <span class='ocrx_word' id='word_1_105' title='bbox 450 1457 528 1510; x_wconf 87' lang='lat' dir='ltr'><strong>cuius</strong></span> <span class='ocrx_word' id='word_1_106' title='bbox 558 1456 655 1505; x_wconf 86' lang='lat' dir='ltr'><strong>statim</strong></span> <span class='ocrx_word' id='word_1_107' title='bbox 680 1460 744 1520; x_wconf 91' lang='lat' dir='ltr'><strong>post</strong></span> <span class='ocrx_word' id='word_1_108' title='bbox 781 1451 982 1505; x_wconf 85' lang='lat' dir='ltr'><strong>Freindius</strong></span> <span class='ocrx_word' id='word_1_109' title='bbox 1004 1451 1139 1504; x_wconf 90' lang='lat' dir='ltr'><strong>inlatino</strong></span> <span class='ocrx_word' id='word_1_110' title='bbox 1160 1451 1252 1504; x_wconf 82' lang='lat' dir='ltr'><strong>lexico</strong></span> <span class='ocrx_word' id='word_1_111' title='bbox 1274 1449 1321 1504; x_wconf 78' lang='lat' dir='ltr'><strong>ha·</strong></span> 
     </span>
     <span class='ocr_line' id='line_1_13' title="bbox 203 1517 1320 1590; baseline -0.003 -17"><span class='ocrx_word' id='word_1_112' title='bbox 203 1527 313 1590; x_wconf 85' lang='lat' dir='ltr'><strong>saepius</strong></span> <span class='ocrx_word' id='word_1_113' title='bbox 331 1523 457 1590; x_wconf 87' lang='lat' dir='ltr'><strong>scriptor</strong></span> <span class='ocrx_word' id='word_1_114' title='bbox 475 1523 646 1578; x_wconf 85' lang='lat' dir='ltr'><strong>mentionem</strong></span> <span class='ocrx_word' id='word_1_115' title='bbox 665 1519 745 1576; x_wconf 85' lang='lat' dir='ltr'><strong>facit.</strong></span> <span class='ocrx_word' id='word_1_116' title='bbox 779 1523 838 1582; x_wconf 88' lang='lat' dir='ltr'><strong>bet,</strong></span> <span class='ocrx_word' id='word_1_117' title='bbox 857 1523 1006 1574; x_wconf 86' lang='lat' dir='ltr'><strong>nescimus.</strong></span> <span class='ocrx_word' id='word_1_118' title='bbox 1043 1521 1101 1572; x_wconf 90' lang='lat' dir='ltr'><strong>lam</strong></span> <span class='ocrx_word' id='word_1_119' title='bbox 1122 1521 1156 1580; x_wconf 86' lang='lat' dir='ltr'><strong>de</strong></span> <span class='ocrx_word' id='word_1_120' title='bbox 1175 1517 1320 1589; x_wconf 84' lang='lat' dir='ltr'><strong>Bargyliis</strong></span> 
     </span>
     <span class='ocr_line' id='line_1_14' title="bbox 203 1581 1320 1672; baseline -0.001 -29"><span class='ocrx_word' id='word_1_121' title='bbox 203 1591 268 1643; x_wconf 85' lang='lat' dir='ltr'><strong>Hoc</strong></span> <span class='ocrx_word' id='word_1_122' title='bbox 286 1605 453 1660; x_wconf 88' lang='lat' dir='ltr'><strong>quamquam</strong></span> <span class='ocrx_word' id='word_1_123' title='bbox 470 1592 580 1658; x_wconf 87' lang='lat' dir='ltr'><strong>ordine,</strong></span> <span class='ocrx_word' id='word_1_124' title='bbox 602 1607 681 1659; x_wconf 86' lang='lat' dir='ltr'><strong>quem</strong></span> <span class='ocrx_word' id='word_1_125' title='bbox 701 1591 746 1641; x_wconf 90' lang='lat' dir='ltr'><strong>de·</strong></span> <span class='ocrx_word' id='word_1_126' title='bbox 780 1589 850 1642; x_wconf 89' lang='lat' dir='ltr'><strong>haec</strong></span> <span class='ocrx_word' id='word_1_127' title='bbox 866 1590 979 1657; x_wconf 86' lang='lat' dir='ltr'><strong>scripsit</strong></span> <span class='ocrx_word' id='word_1_128' title='bbox 996 1588 1107 1640; x_wconf 86' lang='lat' dir='ltr'><strong>Strabo:</strong></span> <span class='ocrx_word' id='word_1_129' title='bbox 1123 1583 1182 1642; x_wconf 80' lang='grc' dir='ltr'><strong><em>Εἶτ’</em></strong></span> <span class='ocrx_word' id='word_1_130' title='bbox 1201 1581 1320 1672; x_wconf 60' lang='lat' dir='ltr'><strong>triedrico*</strong></span> 
     </span>
     <span class='ocr_line' id='line_1_15' title="bbox 204 1654 1322 1728; baseline -0.002 -18"><span class='ocrx_word' id='word_1_131' title='bbox 204 1661 299 1728; x_wconf 86' lang='lat' dir='ltr'><strong>inceps</strong></span> <span class='ocrx_word' id='word_1_132' title='bbox 315 1661 438 1726; x_wconf 89' lang='lat' dir='ltr'><strong>scriptor</strong></span> <span class='ocrx_word' id='word_1_133' title='bbox 453 1661 482 1710; x_wconf 90' lang='lat' dir='ltr'><strong>io</strong></span> <span class='ocrx_word' id='word_1_134' title='bbox 495 1659 692 1712; x_wconf 81' lang='lat' dir='ltr'><strong>enumerandis</strong></span> <span class='ocrx_word' id='word_1_135' title='bbox 705 1659 745 1709; x_wconf 90' lang='lat' dir='ltr'><strong>lo·</strong></span> <span class='ocrx_word' id='word_1_136' title='bbox 779 1656 915 1726; x_wconf 84' lang='grc' dir='ltr'><strong><em>Μόνδος,</em></strong></span> <span class='ocrx_word' id='word_1_137' title='bbox 934 1654 1032 1726; x_wconf 78' lang='grc' dir='ltr'><strong><em>λιμένα</em></strong></span> <span class='ocrx_word' id='word_1_138' title='bbox 1056 1655 1159 1726; x_wconf 74' lang='grc' dir='ltr'><strong><em>ἔχουσα</em></strong></span> <span class='ocrx_word' id='word_1_139' title='bbox 1182 1656 1230 1710; x_wconf 84' lang='grc' dir='ltr'><strong>καὶ</strong></span> <span class='ocrx_word' id='word_1_140' title='bbox 1253 1675 1322 1726; x_wconf 82' lang='grc' dir='ltr'><strong><em>μετα</em></strong></span> 
     </span>
     <span class='ocr_line' id='line_1_16' title="bbox 204 1718 1322 1798; baseline -0.003 -18"><span class='ocrx_word' id='word_1_141' title='bbox 204 1730 243 1781; x_wconf 89' lang='lat' dir='ltr'><strong>cis</strong></span> <span class='ocrx_word' id='word_1_142' title='bbox 277 1730 420 1796; x_wconf 88' lang='lat' dir='ltr'><strong>sequitur,</strong></span> <span class='ocrx_word' id='word_1_143' title='bbox 465 1734 551 1796; x_wconf 81' lang='lat' dir='ltr'><strong>atque</strong></span> <span class='ocrx_word' id='word_1_144' title='bbox 586 1729 745 1798; x_wconf 72' lang='lat' dir='ltr'><strong>exiguitate</strong></span> <span class='ocrx_word' id='word_1_145' title='bbox 780 1721 1058 1796; x_wconf 65' lang='lat' dir='ltr'><strong>commemorem,</strong></span> <span class='ocrx_word' id='word_1_146' title='bbox 1076 1726 1125 1780; x_wconf 80' lang='lat' dir='ltr'><strong>nol</strong></span> <span class='ocrx_word' id='word_1_147' title='bbox 1140 1718 1322 1793; x_wconf 74' lang='grc' dir='ltr'><strong><em>αότηπόλις·</em></strong></span> 
     </span>
     <span class='ocr_line' id='line_1_17' title="bbox 204 1789 1322 1878; baseline -0.002 -30"><span class='ocrx_word' id='word_1_148' title='bbox 204 1813 353 1850; x_wconf 81' lang='lat' dir='ltr'><strong>mensurae</strong></span> <span class='ocrx_word' id='word_1_149' title='bbox 371 1797 491 1849; x_wconf 77' lang='lat' dir='ltr'><strong>refutari</strong></span> <span class='ocrx_word' id='word_1_150' title='bbox 510 1797 630 1860; x_wconf 88' lang='lat' dir='ltr'><strong>videtur,</strong></span> <span class='ocrx_word' id='word_1_151' title='bbox 654 1805 744 1848; x_wconf 90' lang='lat' dir='ltr'><strong>tamen</strong></span> <span class='ocrx_word' id='word_1_152' title='bbox 781 1792 811 1850; x_wconf 78' lang='grc' dir='ltr'><strong>ἐν</strong></span> <span class='ocrx_word' id='word_1_153' title='bbox 831 1793 862 1850; x_wconf 76' lang='grc' dir='ltr'><strong>δὲ</strong></span> <span class='ocrx_word' id='word_1_154' title='bbox 882 1797 922 1866; x_wconf 76' lang='grc' dir='ltr'><strong>τῷ</strong></span> <span class='ocrx_word' id='word_1_155' title='bbox 936 1789 1038 1864; x_wconf 56' lang='lat' dir='ltr'><strong>peregri</strong></span> <span class='ocrx_word' id='word_1_156' title='bbox 1054 1791 1214 1862; x_wconf 80' lang='grc' dir='ltr'><strong><em>Καρόοονᾶοι</em></strong></span> <span class='ocrx_word' id='word_1_157' title='bbox 1231 1789 1322 1878; x_wconf 67' lang='grc' dir='ltr'><strong><em>λιμημ,</em></strong></span> 
     </span>
     <span class='ocr_line' id='line_1_18' title="bbox 204 1857 1322 1934; baseline -0.003 -16"><span class='ocrx_word' id='word_1_158' title='bbox 204 1867 302 1934; x_wconf 87' lang='lat' dir='ltr'><strong>aliqua</strong></span> <span class='ocrx_word' id='word_1_159' title='bbox 338 1866 452 1918; x_wconf 87' lang='lat' dir='ltr'><strong>ratione</strong></span> <span class='ocrx_word' id='word_1_160' title='bbox 484 1879 519 1918; x_wconf 92' lang='lat' dir='ltr'><strong>eo</strong></span> <span class='ocrx_word' id='word_1_161' title='bbox 555 1867 745 1927; x_wconf 88' lang='lat' dir='ltr'><strong>confirmatur,</strong></span> <span class='ocrx_word' id='word_1_162' title='bbox 780 1863 828 1918; x_wconf 81' lang='lat' dir='ltr'><strong>nori</strong></span> <span class='ocrx_word' id='word_1_163' title='bbox 858 1865 941 1933; x_wconf 81' lang='grc' dir='ltr'><strong><em>νῆσος</em></strong></span> <span class='ocrx_word' id='word_1_164' title='bbox 971 1857 1117 1930; x_wconf 79' lang='grc' dir='ltr'><strong><em>όμοόνομος</em></strong></span> <span class='ocrx_word' id='word_1_165' title='bbox 1147 1858 1251 1934; x_wconf 85' lang='grc' dir='ltr'><strong><em>τοιότη,</em></strong></span> <span class='ocrx_word' id='word_1_166' title='bbox 1287 1881 1322 1930; x_wconf 86' lang='grc' dir='ltr'><strong>ην</strong></span> 
     </span>
     <span class='ocr_line' id='line_1_19' title="bbox 204 1926 1324 2002; baseline -0.002 -17"><span class='ocrx_word' id='word_1_167' title='bbox 204 1935 278 2002; x_wconf 90' lang='lat' dir='ltr'><strong>quod</strong></span> <span class='ocrx_word' id='word_1_168' title='bbox 298 1935 322 1985; x_wconf 91' lang='lat' dir='ltr'><strong>is</strong></span> <span class='ocrx_word' id='word_1_169' title='bbox 337 1948 490 2001; x_wconf 78' lang='lat' dir='ltr'><strong>panormus</strong></span> <span class='ocrx_word' id='word_1_170' title='bbox 504 1940 603 1999; x_wconf 89' lang='lat' dir='ltr'><strong>portus</strong></span> <span class='ocrx_word' id='word_1_171' title='bbox 622 1934 748 1985; x_wconf 85' lang='lat' dir='ltr'><strong>Milesio·</strong></span> <span class='ocrx_word' id='word_1_172' title='bbox 780 1928 873 2002; x_wconf 76' lang='grc' dir='ltr'><strong><em>ᾤκουν</em></strong></span> <span class='ocrx_word' id='word_1_173' title='bbox 887 1933 1075 2000; x_wconf 81' lang='grc' dir='ltr'><strong><em>Καροοινδεῖς.</em></strong></span> <span class='ocrx_word' id='word_1_174' title='bbox 1092 1932 1217 2000; x_wconf 79' lang='grc' dir='ltr'><strong><em>Πλησίον</em></strong></span> <span class='ocrx_word' id='word_1_175' title='bbox 1233 1926 1324 1984; x_wconf 74' lang='grc' dir='ltr'><strong><em>δ’ἐστὶ</em></strong></span> 
     </span>
     <span class='ocr_line' id='line_1_20' title="bbox 189 1995 1324 2073; baseline 0 -21"><span class='ocrx_word' id='word_1_176' title='bbox 189 2018 266 2052; x_wconf 59' lang='lat' dir='ltr'><strong>rum</strong></span> <span class='ocrx_word' id='word_1_177' title='bbox 286 2002 356 2063; x_wconf 84' lang='lat' dir='ltr'><strong>fuit,</strong></span> <span class='ocrx_word' id='word_1_178' title='bbox 374 2018 430 2073; x_wconf 87' lang='lat' dir='ltr'><strong>quo</strong></span> <span class='ocrx_word' id='word_1_179' title='bbox 451 2011 479 2053; x_wconf 88' lang='lat' dir='ltr'><strong>ct</strong></span> <span class='ocrx_word' id='word_1_180' title='bbox 497 2001 609 2054; x_wconf 83' lang='lat' dir='ltr'><strong>unoea</strong></span> <span class='ocrx_word' id='word_1_181' title='bbox 625 2001 698 2062; x_wconf 83' lang='lat' dir='ltr'><strong>Delo</strong></span> <span class='ocrx_word' id='word_1_182' title='bbox 716 2002 760 2055; x_wconf 87' lang='lat' dir='ltr'><strong>io.</strong></span> <span class='ocrx_word' id='word_1_183' title='bbox 780 2003 837 2056; x_wconf 82' lang='grc' dir='ltr'><strong><em>τοόν</em></strong></span> <span class='ocrx_word' id='word_1_184' title='bbox 854 2000 1018 2069; x_wconf 78' lang='grc' dir='ltr'><strong><em>Βαομολίωο</em></strong></span> <span class='ocrx_word' id='word_1_185' title='bbox 1040 1995 1073 2054; x_wconf 87' lang='grc' dir='ltr'><strong>τό</strong></span> <span class='ocrx_word' id='word_1_186' title='bbox 1099 2002 1149 2068; x_wconf 85' lang='grc' dir='ltr'><strong>τῆς</strong></span> <span class='ocrx_word' id='word_1_187' title='bbox 1171 1995 1324 2068; x_wconf 77' lang='grc' dir='ltr'><strong><em>Ἀρτέμιδος</em></strong></span> 
     </span>
     <span class='ocr_line' id='line_1_21' title="bbox 204 2063 1325 2138; baseline 0 -18"><span class='ocrx_word' id='word_1_188' title='bbox 204 2067 363 2138; x_wconf 87' lang='lat' dir='ltr'><strong>Delumque</strong></span> <span class='ocrx_word' id='word_1_189' title='bbox 386 2071 605 2134; x_wconf 82' lang='lat' dir='ltr'><strong>existimandum</strong></span> <span class='ocrx_word' id='word_1_190' title='bbox 622 2077 666 2122; x_wconf 89' lang='lat' dir='ltr'><strong>est</strong></span> <span class='ocrx_word' id='word_1_191' title='bbox 690 2085 745 2122; x_wconf 85' lang='lat' dir='ltr'><strong>cre·</strong></span> <span class='ocrx_word' id='word_1_192' title='bbox 781 2063 859 2138; x_wconf 71' lang='grc' dir='ltr'><strong><em>ἱερόν</em></strong></span> <span class='ocrx_word' id='word_1_193' title='bbox 884 2072 932 2138; x_wconf 77' lang='grc' dir='ltr'><strong>τῆς</strong></span> <span class='ocrx_word' id='word_1_194' title='bbox 958 2065 1123 2132; x_wconf 81' lang='grc' dir='ltr'><strong><em>Κινδοοίᾶος</em></strong></span> <span class='ocrx_word' id='word_1_195' title='bbox 1150 2065 1205 2122; x_wconf 67' lang='lat' dir='ltr'><strong>nri.</strong></span> <span class='ocrx_word' id='word_1_196' title='bbox 1245 2068 1325 2122; x_wconf 81' lang='lat' dir='ltr'><strong>Vide·</strong></span> 
     </span>
     <span class='ocr_line' id='line_1_22' title="bbox 206 2135 1325 2258; baseline 0.001 -69"><span class='ocrx_word' id='word_1_197' title='bbox 206 2140 343 2190; x_wconf 89' lang='lat' dir='ltr'><strong>berrimas</strong></span> <span class='ocrx_word' id='word_1_198' title='bbox 374 2154 435 2190; x_wconf 87' lang='lat' dir='ltr'><strong>esse</strong></span> <span class='ocrx_word' id='word_1_199' title='bbox 466 2135 556 2192; x_wconf 84' lang='lat' dir='ltr'><strong>iactas</strong></span> <span class='ocrx_word' id='word_1_200' title='bbox 587 2139 747 2208; x_wconf 79' lang='lat' dir='ltr'><strong>nauigatio·</strong></span> <span class='ocrx_word' id='word_1_201' title='bbox 782 2139 950 2207; x_wconf 64' lang='lat' dir='ltr'><strong>monsignor,</strong></span> <span class='ocrx_word' id='word_1_202' title='bbox 965 2139 1098 2258; x_wconf 54' lang='lat' dir='ltr'><strong>aperiphli</strong></span> <span class='ocrx_word' id='word_1_203' title='bbox 1114 2137 1199 2190; x_wconf 84' lang='lat' dir='ltr'><strong>huius</strong></span> <span class='ocrx_word' id='word_1_204' title='bbox 1209 2143 1325 2190; x_wconf 85' lang='lat' dir='ltr'><strong>auctore</strong></span> 
     </span>
     <span class='ocr_line' id='line_1_23' title="bbox 204 2207 1325 2274; baseline 0 -16"><span class='ocrx_word' id='word_1_205' title='bbox 204 2223 273 2272; x_wconf 64' lang='lat' dir='ltr'><strong>nes„</strong></span> <span class='ocrx_word' id='word_1_206' title='bbox 308 2207 338 2260; x_wconf 84' lang='lat' dir='ltr'><strong>Ei</strong></span> <span class='ocrx_word' id='word_1_207' title='bbox 373 2214 465 2260; x_wconf 88' lang='lat' dir='ltr'><strong>tamen</strong></span> <span class='ocrx_word' id='word_1_208' title='bbox 502 2211 660 2260; x_wconf 85' lang='lat' dir='ltr'><strong>sententiae</strong></span> <span class='ocrx_word' id='word_1_209' title='bbox 686 2223 747 2258; x_wconf 90' lang='lat' dir='ltr'><strong>cum</strong></span> <span class='ocrx_word' id='word_1_210' title='bbox 784 2209 883 2270; x_wconf 90' lang='lat' dir='ltr'><strong>urbes,</strong></span> <span class='ocrx_word' id='word_1_211' title='bbox 909 2222 980 2274; x_wconf 88' lang='lat' dir='ltr'><strong>quae</strong></span> <span class='ocrx_word' id='word_1_212' title='bbox 1006 2209 1036 2258; x_wconf 90' lang='lat' dir='ltr'><strong>in</strong></span> <span class='ocrx_word' id='word_1_213' title='bbox 1089 2221 1121 2258; x_wconf 81' lang='lat' dir='ltr'><strong>ac</strong></span> <span class='ocrx_word' id='word_1_214' title='bbox 1150 2213 1230 2274; x_wconf 87' lang='lat' dir='ltr'><strong>parte</strong></span> <span class='ocrx_word' id='word_1_215' title='bbox 1258 2221 1325 2258; x_wconf 85' lang='lat' dir='ltr'><strong>orae</strong></span> 
     </span>
     <span class='ocr_line' id='line_1_24' title="bbox 206 2273 1326 2344; baseline -0.002 -18"><span class='ocrx_word' id='word_1_216' title='bbox 206 2277 297 2326; x_wconf 89' lang='lat' dir='ltr'><strong>minus</strong></span> <span class='ocrx_word' id='word_1_217' title='bbox 315 2274 369 2328; x_wconf 88' lang='lat' dir='ltr'><strong>hoe</strong></span> <span class='ocrx_word' id='word_1_218' title='bbox 387 2273 569 2344; x_wconf 83' lang='lat' dir='ltr'><strong>suffragatur,</strong></span> <span class='ocrx_word' id='word_1_219' title='bbox 588 2277 665 2344; x_wconf 89' lang='lat' dir='ltr'><strong>quod</strong></span> <span class='ocrx_word' id='word_1_220' title='bbox 682 2293 747 2328; x_wconf 88' lang='lat' dir='ltr'><strong>auc·</strong></span> <span class='ocrx_word' id='word_1_221' title='bbox 782 2277 924 2331; x_wconf 82' lang='lat' dir='ltr'><strong>Asiaticae</strong></span> <span class='ocrx_word' id='word_1_222' title='bbox 943 2275 1137 2328; x_wconf 85' lang='lat' dir='ltr'><strong>nobilissimae</strong></span> <span class='ocrx_word' id='word_1_223' title='bbox 1157 2277 1218 2328; x_wconf 89' lang='lat' dir='ltr'><strong>eius</strong></span> <span class='ocrx_word' id='word_1_224' title='bbox 1236 2275 1326 2342; x_wconf 90' lang='lat' dir='ltr'><strong>ipsius</strong></span> 
     </span>
     <span class='ocr_line' id='line_1_25' title="bbox 204 2343 1326 2405; baseline -0.001 -9"><span class='ocrx_word' id='word_1_225' title='bbox 204 2349 250 2396; x_wconf 87' lang='lat' dir='ltr'><strong>tor</strong></span> <span class='ocrx_word' id='word_1_226' title='bbox 281 2343 451 2396; x_wconf 87' lang='lat' dir='ltr'><strong>Panormum</strong></span> <span class='ocrx_word' id='word_1_227' title='bbox 481 2346 636 2398; x_wconf 83' lang='lat' dir='ltr'><strong>revertitur</strong></span> <span class='ocrx_word' id='word_1_228' title='bbox 670 2345 747 2398; x_wconf 85' lang='lat' dir='ltr'><strong>indo·</strong></span> <span class='ocrx_word' id='word_1_229' title='bbox 783 2351 880 2396; x_wconf 88' lang='lat' dir='ltr'><strong>aetate</strong></span> <span class='ocrx_word' id='word_1_230' title='bbox 906 2350 1017 2405; x_wconf 86' lang='lat' dir='ltr'><strong>essent,</strong></span> <span class='ocrx_word' id='word_1_231' title='bbox 1037 2346 1251 2396; x_wconf 87' lang='lat' dir='ltr'><strong>commemorari</strong></span> <span class='ocrx_word' id='word_1_232' title='bbox 1269 2359 1326 2396; x_wconf 88' lang='lat' dir='ltr'><strong>onr-</strong></span> 
     </span>
     <span class='ocr_line' id='line_1_26' title="bbox 207 2411 1325 2482; baseline -0.002 -18"><span class='ocrx_word' id='word_1_233' title='bbox 207 2429 261 2482; x_wconf 87' lang='lat' dir='ltr'><strong>que</strong></span> <span class='ocrx_word' id='word_1_234' title='bbox 287 2413 435 2464; x_wconf 85' lang='lat' dir='ltr'><strong>Posidium</strong></span> <span class='ocrx_word' id='word_1_235' title='bbox 466 2415 584 2481; x_wconf 86' lang='lat' dir='ltr'><strong>navigat</strong></span> <span class='ocrx_word' id='word_1_236' title='bbox 617 2411 747 2480; x_wconf 86' lang='lat' dir='ltr'><strong>hancque</strong></span> <span class='ocrx_word' id='word_1_237' title='bbox 782 2429 858 2475; x_wconf 79' lang='lat' dir='ltr'><strong>ncs3.</strong></span> <span class='ocrx_word' id='word_1_238' title='bbox 878 2428 941 2464; x_wconf 87' lang='lat' dir='ltr'><strong>nam</strong></span> <span class='ocrx_word' id='word_1_239' title='bbox 960 2427 1047 2478; x_wconf 90' lang='lat' dir='ltr'><strong>supra</strong></span> <span class='ocrx_word' id='word_1_240' title='bbox 1064 2415 1169 2464; x_wconf 88' lang='lat' dir='ltr'><strong>seimus</strong></span> <span class='ocrx_word' id='word_1_241' title='bbox 1188 2413 1224 2462; x_wconf 89' lang='lat' dir='ltr'><strong>ab</strong></span> <span class='ocrx_word' id='word_1_242' title='bbox 1244 2427 1280 2464; x_wconf 88' lang='lat' dir='ltr'><strong>eo</strong></span> <span class='ocrx_word' id='word_1_243' title='bbox 1298 2417 1325 2464; x_wconf 84' lang='lat' dir='ltr'><strong>et</strong></span> 
     </span>
     <span class='ocr_line' id='line_1_27' title="bbox 165 2475 1325 2550; baseline -0.003 -18"><span class='ocrx_word' id='word_1_244' title='bbox 165 2493 172 2510; x_wconf 78' lang='lat'>⁸</span> <span class='ocrx_word' id='word_1_245' title='bbox 204 2479 416 2550; x_wconf 82' lang='lat' dir='ltr'><strong>navigationem</strong></span> <span class='ocrx_word' id='word_1_246' title='bbox 431 2481 589 2534; x_wconf 89' lang='lat' dir='ltr'><strong>stadiorum</strong></span> <span class='ocrx_word' id='word_1_247' title='bbox 606 2481 678 2532; x_wconf 88' lang='lat' dir='ltr'><strong>dicit</strong></span> <span class='ocrx_word' id='word_1_248' title='bbox 697 2483 747 2532; x_wconf 90' lang='lat' dir='ltr'><strong>du·</strong></span> <span class='ocrx_word' id='word_1_249' title='bbox 783 2475 902 2536; x_wconf 89' lang='lat' dir='ltr'><strong>Cnidum</strong></span> <span class='ocrx_word' id='word_1_250' title='bbox 919 2487 948 2535; x_wconf 81' lang='lat' dir='ltr'><strong>at</strong></span> <span class='ocrx_word' id='word_1_251' title='bbox 957 2479 1193 2533; x_wconf 85' lang='lat' dir='ltr'><strong>Halicarnassum</strong></span> <span class='ocrx_word' id='word_1_252' title='bbox 1209 2486 1237 2530; x_wconf 88' lang='lat' dir='ltr'><strong>et</strong></span> <span class='ocrx_word' id='word_1_253' title='bbox 1245 2481 1325 2544; x_wconf 82' lang='lat' dir='ltr'><strong>Myn-</strong></span> 
     </span>
     <span class='ocr_line' id='line_1_28' title="bbox 204 2548 1324 2618; baseline -0.003 -19"><span class='ocrx_word' id='word_1_254' title='bbox 204 2555 347 2602; x_wconf 84' lang='lat' dir='ltr'><strong>centorum</strong></span> <span class='ocrx_word' id='word_1_255' title='bbox 366 2550 587 2618; x_wconf 86' lang='lat' dir='ltr'><strong>quinquaginta,</strong></span> <span class='ocrx_word' id='word_1_256' title='bbox 608 2557 669 2614; x_wconf 79' lang='lat' dir='ltr'><strong>tum</strong></span> <span class='ocrx_word' id='word_1_257' title='bbox 687 2549 748 2601; x_wconf 89' lang='lat' dir='ltr'><strong>eius</strong></span> <span class='ocrx_word' id='word_1_258' title='bbox 784 2549 850 2600; x_wconf 92' lang='lat' dir='ltr'><strong>dum</strong></span> <span class='ocrx_word' id='word_1_259' title='bbox 861 2554 1117 2610; x_wconf 81' lang='lat' dir='ltr'><strong>conrnremnratam,</strong></span> <span class='ocrx_word' id='word_1_260' title='bbox 1132 2555 1164 2601; x_wconf 90' lang='lat' dir='ltr'><strong>ut</strong></span> <span class='ocrx_word' id='word_1_261' title='bbox 1174 2564 1250 2600; x_wconf 88' lang='lat' dir='ltr'><strong>nuuc</strong></span> <span class='ocrx_word' id='word_1_262' title='bbox 1258 2548 1324 2598; x_wconf 85' lang='lat' dir='ltr'><strong>Bar·</strong></span> 
     </span>
     <span class='ocr_line' id='line_1_29' title="bbox 205 2613 1325 2686; baseline -0.004 -18"><span class='ocrx_word' id='word_1_263' title='bbox 205 2617 304 2670; x_wconf 89' lang='lat' dir='ltr'><strong>habita</strong></span> <span class='ocrx_word' id='word_1_264' title='bbox 331 2619 440 2671; x_wconf 85' lang='lat' dir='ltr'><strong>ratione</strong></span> <span class='ocrx_word' id='word_1_265' title='bbox 472 2632 639 2680; x_wconf 86' lang='lat' dir='ltr'><strong>mensurae,</strong></span> <span class='ocrx_word' id='word_1_266' title='bbox 676 2633 748 2686; x_wconf 89' lang='lat' dir='ltr'><strong>quae</strong></span> <span class='ocrx_word' id='word_1_267' title='bbox 775 2613 863 2686; x_wconf 79' lang='lat' dir='ltr'><strong>¹gylia</strong></span> <span class='ocrx_word' id='word_1_268' title='bbox 878 2623 1141 2680; x_wconf 85' lang='lat' dir='ltr'><strong>commemorantur,</strong></span> <span class='ocrx_word' id='word_1_269' title='bbox 1161 2623 1325 2668; x_wconf 89' lang='lat' dir='ltr'><strong>nontamen</strong></span> 
     </span>
     <span class='ocr_line' id='line_1_30' title="bbox 205 2682 1326 2753; baseline -0.002 -17"><span class='ocrx_word' id='word_1_270' title='bbox 205 2687 281 2738; x_wconf 86' lang='lat' dir='ltr'><strong>infra</strong></span> <span class='ocrx_word' id='word_1_271' title='bbox 299 2688 408 2752; x_wconf 87' lang='lat' dir='ltr'><strong>scripta</strong></span> <span class='ocrx_word' id='word_1_272' title='bbox 426 2694 479 2748; x_wconf 90' lang='lat' dir='ltr'><strong>est,</strong></span> <span class='ocrx_word' id='word_1_273' title='bbox 498 2702 550 2753; x_wconf 91' lang='lat' dir='ltr'><strong>pro</strong></span> <span class='ocrx_word' id='word_1_274' title='bbox 570 2682 609 2740; x_wconf 81' lang='grc' dir='ltr'><strong>ον’</strong></span> <span class='ocrx_word' id='word_1_275' title='bbox 630 2686 747 2738; x_wconf 84' lang='lat' dir='ltr'><strong>deberet</strong></span> <span class='ocrx_word' id='word_1_276' title='bbox 783 2689 869 2738; x_wconf 83' lang='lat' dir='ltr'><strong>etiam</strong></span> <span class='ocrx_word' id='word_1_277' title='bbox 887 2685 1053 2751; x_wconf 81' lang='lat' dir='ltr'><strong>Caryanda,</strong></span> <span class='ocrx_word' id='word_1_278' title='bbox 1080 2701 1152 2753; x_wconf 84' lang='lat' dir='ltr'><strong>quae</strong></span> <span class='ocrx_word' id='word_1_279' title='bbox 1176 2685 1273 2738; x_wconf 87' lang='lat' dir='ltr'><strong>media</strong></span> <span class='ocrx_word' id='word_1_280' title='bbox 1288 2685 1326 2734; x_wconf 90' lang='lat' dir='ltr'><strong>io·</strong></span> 
     </span>
     <span class='ocr_line' id='line_1_31' title="bbox 207 2751 1323 2822; baseline -0.004 -16"><span class='ocrx_word' id='word_1_281' title='bbox 207 2757 342 2821; x_wconf 88' lang='lat' dir='ltr'><strong>scriptum</strong></span> <span class='ocrx_word' id='word_1_282' title='bbox 367 2769 428 2806; x_wconf 86' lang='lat' dir='ltr'><strong>essa</strong></span> <span class='ocrx_word' id='word_1_283' title='bbox 445 2751 481 2820; x_wconf 89' lang='grc' dir='ltr'><strong>μ’.</strong></span> <span class='ocrx_word' id='word_1_284' title='bbox 501 2755 611 2818; x_wconf 68' lang='lat' dir='ltr'><strong>Quibus</strong></span> <span class='ocrx_word' id='word_1_285' title='bbox 630 2755 665 2806; x_wconf 89' lang='lat' dir='ltr'><strong>de</strong></span> <span class='ocrx_word' id='word_1_286' title='bbox 683 2771 746 2806; x_wconf 88' lang='lat' dir='ltr'><strong>cau·</strong></span> <span class='ocrx_word' id='word_1_287' title='bbox 778 2760 828 2804; x_wconf 88' lang='lat' dir='ltr'><strong>ter</strong></span> <span class='ocrx_word' id='word_1_288' title='bbox 856 2753 995 2819; x_wconf 82' lang='lat' dir='ltr'><strong>Myndum</strong></span> <span class='ocrx_word' id='word_1_289' title='bbox 1019 2751 1216 2822; x_wconf 80' lang='lat' dir='ltr'><strong>Bargyliaque</strong></span> <span class='ocrx_word' id='word_1_290' title='bbox 1243 2760 1273 2804; x_wconf 86' lang='lat' dir='ltr'><strong>et</strong></span> <span class='ocrx_word' id='word_1_291' title='bbox 1298 2752 1323 2802; x_wconf 89' lang='lat' dir='ltr'><strong>in</strong></span> 
     </span>
     <span class='ocr_line' id='line_1_32' title="bbox 205 2819 1324 2890; baseline -0.001 -18"><span class='ocrx_word' id='word_1_292' title='bbox 205 2825 244 2872; x_wconf 89' lang='lat' dir='ltr'><strong>sis</strong></span> <span class='ocrx_word' id='word_1_293' title='bbox 261 2837 307 2872; x_wconf 86' lang='lat' dir='ltr'><strong>res</strong></span> <span class='ocrx_word' id='word_1_294' title='bbox 327 2824 355 2872; x_wconf 89' lang='lat' dir='ltr'><strong>in</strong></span> <span class='ocrx_word' id='word_1_295' title='bbox 374 2821 460 2871; x_wconf 89' lang='lat' dir='ltr'><strong>dubio</strong></span> <span class='ocrx_word' id='word_1_296' title='bbox 476 2821 599 2887; x_wconf 90' lang='lat' dir='ltr'><strong>relinqui</strong></span> <span class='ocrx_word' id='word_1_297' title='bbox 617 2823 710 2873; x_wconf 87' lang='lat' dir='ltr'><strong>debet.</strong></span> <span class='ocrx_word' id='word_1_298' title='bbox 781 2819 875 2872; x_wconf 86' lang='lat' dir='ltr'><strong>insula</strong></span> <span class='ocrx_word' id='word_1_299' title='bbox 906 2822 1077 2890; x_wconf 79' lang='lat' dir='ltr'><strong>cognomine</strong></span> <span class='ocrx_word' id='word_1_300' title='bbox 1113 2828 1141 2878; x_wconf 87' lang='lat' dir='ltr'><strong>et</strong></span> <span class='ocrx_word' id='word_1_301' title='bbox 1173 2824 1204 2875; x_wconf 87' lang='lat' dir='ltr'><strong>io</strong></span> <span class='ocrx_word' id='word_1_302' title='bbox 1237 2822 1324 2876; x_wconf 86' lang='lat' dir='ltr'><strong>conti-</strong></span> 
     </span>
     <span class='ocr_line' id='line_1_33' title="bbox 242 2887 1322 2958; baseline -0.003 -18"><span class='ocrx_word' id='word_1_303' title='bbox 242 2892 265 2944; x_wconf 83' lang='grc' dir='ltr'><strong>Ι)</strong></span> <span class='ocrx_word' id='word_1_304' title='bbox 284 2889 364 2940; x_wconf 88' lang='lat' dir='ltr'><strong>Haec</strong></span> <span class='ocrx_word' id='word_1_305' title='bbox 378 2889 446 2942; x_wconf 88' lang='lat' dir='ltr'><strong>urbs</strong></span> <span class='ocrx_word' id='word_1_306' title='bbox 461 2891 542 2940; x_wconf 90' lang='lat' dir='ltr'><strong>vario</strong></span> <span class='ocrx_word' id='word_1_307' title='bbox 559 2887 643 2940; x_wconf 87' lang='lat' dir='ltr'><strong>modo</strong></span> <span class='ocrx_word' id='word_1_308' title='bbox 660 2889 746 2942; x_wconf 84' lang='lat' dir='ltr'><strong>scribi</strong></span> <span class='ocrx_word' id='word_1_309' title='bbox 783 2889 861 2940; x_wconf 86' lang='lat' dir='ltr'><strong>nenti</strong></span> <span class='ocrx_word' id='word_1_310' title='bbox 886 2889 942 2940; x_wconf 92' lang='lat' dir='ltr'><strong>sita</strong></span> <span class='ocrx_word' id='word_1_311' title='bbox 961 2897 1043 2940; x_wconf 88' lang='lat' dir='ltr'><strong>erant</strong></span> <span class='ocrx_word' id='word_1_312' title='bbox 1068 2890 1097 2941; x_wconf 93' lang='lat' dir='ltr'><strong>in</strong></span> <span class='ocrx_word' id='word_1_313' title='bbox 1116 2892 1259 2958; x_wconf 89' lang='lat' dir='ltr'><strong>cuiusque</strong></span> <span class='ocrx_word' id='word_1_314' title='bbox 1281 2906 1322 2938; x_wconf 87' lang='lat' dir='ltr'><strong>re·</strong></span> 
     </span>
     <span class='ocr_line' id='line_1_34' title="bbox 205 2955 1322 3026; baseline -0.002 -16"><span class='ocrx_word' id='word_1_315' title='bbox 205 2957 291 3010; x_wconf 86' lang='lat' dir='ltr'><strong>solita</strong></span> <span class='ocrx_word' id='word_1_316' title='bbox 312 2963 372 3010; x_wconf 72' lang='lat' dir='ltr'><strong>est..</strong></span> <span class='ocrx_word' id='word_1_317' title='bbox 402 2959 482 3020; x_wconf 74' lang='lat' dir='ltr'><strong>Quae</strong></span> <span class='ocrx_word' id='word_1_318' title='bbox 505 2958 535 3008; x_wconf 92' lang='lat' dir='ltr'><strong>in</strong></span> <span class='ocrx_word' id='word_1_319' title='bbox 557 2955 610 3008; x_wconf 86' lang='lat' dir='ltr'><strong>hcc</strong></span> <span class='ocrx_word' id='word_1_320' title='bbox 626 2973 746 3025; x_wconf 86' lang='lat' dir='ltr'><strong>apogra·</strong></span> <span class='ocrx_word' id='word_1_321' title='bbox 782 2955 1322 3026; x_wconf 78' lang='lat' dir='ltr'><strong>stigiishodieestricusPaschabi-</strong></span> 
     </span>
     <span class='ocr_line' id='line_1_35' title="bbox 206 3024 1324 3094; baseline 0.001 -18"><span class='ocrx_word' id='word_1_322' title='bbox 206 3024 261 3092; x_wconf 91' lang='lat' dir='ltr'><strong>pho</strong></span> <span class='ocrx_word' id='word_1_323' title='bbox 288 3026 384 3090; x_wconf 88' lang='lat' dir='ltr'><strong>priore</strong></span> <span class='ocrx_word' id='word_1_324' title='bbox 414 3025 478 3076; x_wconf 89' lang='lat' dir='ltr'><strong>loco</strong></span> <span class='ocrx_word' id='word_1_325' title='bbox 511 3026 655 3090; x_wconf 89' lang='lat' dir='ltr'><strong>scriptura</strong></span> <span class='ocrx_word' id='word_1_326' title='bbox 688 3030 748 3083; x_wconf 60' lang='lat' dir='ltr'><strong>ests</strong></span> <span class='ocrx_word' id='word_1_327' title='bbox 783 3027 895 3089; x_wconf 77' lang='lat' dir='ltr'><strong>niani,</strong></span> <span class='ocrx_word' id='word_1_328' title='bbox 928 3027 956 3077; x_wconf 93' lang='lat' dir='ltr'><strong>id</strong></span> <span class='ocrx_word' id='word_1_329' title='bbox 991 3032 1034 3078; x_wconf 87' lang='lat' dir='ltr'><strong>est</strong></span> <span class='ocrx_word' id='word_1_330' title='bbox 1060 3035 1160 3094; x_wconf 87' lang='lat' dir='ltr'><strong>portus</strong></span> <span class='ocrx_word' id='word_1_331' title='bbox 1189 3026 1324 3080; x_wconf 85' lang='lat' dir='ltr'><strong>Paschae.</strong></span> 
     </span>
     <span class='ocr_line' id='line_1_36' title="bbox 205 3088 1324 3159; baseline -0.002 -13"><span class='ocrx_word' id='word_1_332' title='bbox 205 3091 415 3158; x_wconf 80' lang='grc' dir='ltr'><strong><em>Βαρμολίοι,</em></strong></span> <span class='ocrx_word' id='word_1_333' title='bbox 435 3107 469 3142; x_wconf 87' lang='lat' dir='ltr'><strong>ea</strong></span> <span class='ocrx_word' id='word_1_334' title='bbox 486 3093 577 3144; x_wconf 85' lang='lat' dir='ltr'><strong>solum</strong></span> <span class='ocrx_word' id='word_1_335' title='bbox 595 3093 667 3159; x_wconf 88' lang='lat' dir='ltr'><strong>apud</strong></span> <span class='ocrx_word' id='word_1_336' title='bbox 687 3088 747 3144; x_wconf 84' lang='lat' dir='ltr'><strong>Ste-</strong></span> <span class='ocrx_word' id='word_1_337' title='bbox 783 3093 819 3144; x_wconf 88' lang='lat' dir='ltr'><strong>Ut</strong></span> <span class='ocrx_word' id='word_1_338' title='bbox 855 3092 909 3148; x_wconf 91' lang='lat' dir='ltr'><strong>hoc</strong></span> <span class='ocrx_word' id='word_1_339' title='bbox 942 3095 1097 3157; x_wconf 86' lang='lat' dir='ltr'><strong>addamus,</strong></span> <span class='ocrx_word' id='word_1_340' title='bbox 1130 3097 1158 3146; x_wconf 94' lang='lat' dir='ltr'><strong>io</strong></span> <span class='ocrx_word' id='word_1_341' title='bbox 1195 3096 1324 3148; x_wconf 86' lang='lat' dir='ltr'><strong>omnibus</strong></span> 
     </span>
     <span class='ocr_line' id='line_1_37' title="bbox 206 3160 1324 3231; baseline 0.002 -21"><span class='ocrx_word' id='word_1_342' title='bbox 206 3160 327 3228; x_wconf 90' lang='lat' dir='ltr'><strong>phanum</strong></span> <span class='ocrx_word' id='word_1_343' title='bbox 346 3161 501 3227; x_wconf 88' lang='lat' dir='ltr'><strong>reperitur,</strong></span> <span class='ocrx_word' id='word_1_344' title='bbox 530 3177 697 3228; x_wconf 86' lang='lat' dir='ltr'><strong>quamquam</strong></span> <span class='ocrx_word' id='word_1_345' title='bbox 722 3162 748 3214; x_wconf 92' lang='lat' dir='ltr'><strong>is</strong></span> <span class='ocrx_word' id='word_1_346' title='bbox 782 3161 931 3215; x_wconf 86' lang='lat' dir='ltr'><strong>Strabonis</strong></span> <span class='ocrx_word' id='word_1_347' title='bbox 951 3163 1097 3216; x_wconf 84' lang='lat' dir='ltr'><strong>codicibus</strong></span> <span class='ocrx_word' id='word_1_348' title='bbox 1124 3164 1324 3231; x_wconf 83' lang='lat' dir='ltr'><strong>scriptumest</strong></span> 
     </span>
     <span class='ocr_line' id='line_1_38' title="bbox 206 3224 1323 3300; baseline 0.003 -20"><span class='ocrx_word' id='word_1_349' title='bbox 206 3231 266 3296; x_wconf 89' lang='lat' dir='ltr'><strong>ipsc</strong></span> <span class='ocrx_word' id='word_1_350' title='bbox 283 3231 368 3282; x_wconf 89' lang='lat' dir='ltr'><strong>etiam</strong></span> <span class='ocrx_word' id='word_1_351' title='bbox 386 3224 518 3295; x_wconf 76' lang='grc' dir='ltr'><strong><em>Βοίρηολοι</em></strong></span> <span class='ocrx_word' id='word_1_352' title='bbox 532 3230 664 3297; x_wconf 85' lang='lat' dir='ltr'><strong>scripsit,</strong></span> <span class='ocrx_word' id='word_1_353' title='bbox 682 3246 747 3284; x_wconf 82' lang='lat' dir='ltr'><strong>nam</strong></span> <span class='ocrx_word' id='word_1_354' title='bbox 781 3232 838 3285; x_wconf 81' lang='lat' dir='ltr'><strong>ito:</strong></span> <span class='ocrx_word' id='word_1_355' title='bbox 855 3227 1017 3298; x_wconf 77' lang='grc' dir='ltr'><strong><em>Καρόοινδοι</em></strong></span> <span class='ocrx_word' id='word_1_356' title='bbox 1036 3233 1127 3300; x_wconf 77' lang='grc' dir='ltr'><strong><em>λίμνη,</em></strong></span> <span class='ocrx_word' id='word_1_357' title='bbox 1144 3234 1192 3286; x_wconf 86' lang='lat' dir='ltr'><strong>sed</strong></span> <span class='ocrx_word' id='word_1_358' title='bbox 1216 3249 1269 3300; x_wconf 89' lang='lat' dir='ltr'><strong>pro</strong></span> <span class='ocrx_word' id='word_1_359' title='bbox 1288 3232 1323 3284; x_wconf 88' lang='grc' dir='ltr'><strong>λί-</strong></span> 
     </span>
     <span class='ocr_line' id='line_1_39' title="bbox 206 3293 1325 3368; baseline 0.002 -18"><span class='ocrx_word' id='word_1_360' title='bbox 206 3299 246 3350; x_wconf 89' lang='lat' dir='ltr'><strong>sic</strong></span> <span class='ocrx_word' id='word_1_361' title='bbox 264 3298 339 3366; x_wconf 89' lang='lat' dir='ltr'><strong>apud</strong></span> <span class='ocrx_word' id='word_1_362' title='bbox 358 3313 422 3350; x_wconf 87' lang='lat' dir='ltr'><strong>eum</strong></span> <span class='ocrx_word' id='word_1_363' title='bbox 443 3306 499 3350; x_wconf 87' lang='lat' dir='ltr'><strong>est:</strong></span> <span class='ocrx_word' id='word_1_364' title='bbox 517 3295 577 3368; x_wconf 81' lang='grc' dir='ltr'><strong><em>Βοίρ</em></strong></span> <span class='ocrx_word' id='word_1_365' title='bbox 595 3301 650 3352; x_wconf 77' lang='lat' dir='ltr'><strong>vic</strong></span> <span class='ocrx_word' id='word_1_366' title='bbox 667 3293 747 3352; x_wconf 83' lang='grc' dir='ltr'><strong><em>ον’δε-</em></strong></span> <span class='ocrx_word' id='word_1_367' title='bbox 780 3317 835 3368; x_wconf 75' lang='grc' dir='ltr'><strong>μνη</strong></span> <span class='ocrx_word' id='word_1_368' title='bbox 859 3304 1031 3354; x_wconf 85' lang='lat' dir='ltr'><strong>auctoritate</strong></span> <span class='ocrx_word' id='word_1_369' title='bbox 1064 3301 1162 3358; x_wconf 81' lang='lat' dir='ltr'><strong>horum</strong></span> <span class='ocrx_word' id='word_1_370' title='bbox 1193 3300 1325 3368; x_wconf 82' lang='lat' dir='ltr'><strong>Scylacis</strong></span> 
     </span>
     <span class='ocr_line' id='line_1_40' title="bbox 205 3318 1323 3449; baseline 0.001 -29"><span class='ocrx_word' id='word_1_371' title='bbox 205 3363 235 3420; x_wconf 81' lang='grc' dir='ltr'><strong>τέ</strong></span> <span class='ocrx_word' id='word_1_372' title='bbox 255 3387 299 3429; x_wconf 75' lang='grc' dir='ltr'><strong><em>τος,</em></strong></span> <span class='ocrx_word' id='word_1_373' title='bbox 317 3361 399 3430; x_wconf 79' lang='grc' dir='ltr'><strong><em>πόλις</em></strong></span> <span class='ocrx_word' id='word_1_374' title='bbox 418 3318 600 3449; x_wconf 63' lang='grc' dir='ltr'><strong><em>Καρίαςκτό.</em></strong></span> <span class='ocrx_word' id='word_1_375' title='bbox 620 3374 744 3434; x_wconf 73' lang='lat' dir='ltr'><strong>etpost:</strong></span> <span class='ocrx_word' id='word_1_376' title='bbox 781 3368 946 3432; x_wconf 67' lang='lat' dir='ltr'><strong>verborum</strong></span> <span class='ocrx_word' id='word_1_377' title='bbox 974 3365 1131 3437; x_wconf 80' lang='lat' dir='ltr'><strong>Kopriondo</strong></span> <span class='ocrx_word' id='word_1_378' title='bbox 1163 3372 1251 3438; x_wconf 81' lang='grc' dir='ltr'><strong><em>νῆσος</em></strong></span> <span class='ocrx_word' id='word_1_379' title='bbox 1280 3367 1323 3422; x_wconf 79' lang='grc' dir='ltr'><strong>καὶ</strong></span> 
     </span>
     <span class='ocr_line' id='line_1_41' title="bbox 206 3387 1324 3506; baseline -0.004 -16"><span class='ocrx_word' id='word_1_380' title='bbox 206 3387 427 3504; x_wconf 61' lang='grc' dir='ltr'><strong><em>Βελλεροφόντης</em></strong></span> <span class='ocrx_word' id='word_1_381' title='bbox 446 3431 471 3488; x_wconf 83' lang='grc' dir='ltr'><strong>δ’</strong></span> <span class='ocrx_word' id='word_1_382' title='bbox 497 3433 627 3498; x_wconf 64' lang='lat' dir='ltr'><strong>octobris</strong></span> <span class='ocrx_word' id='word_1_383' title='bbox 645 3431 692 3490; x_wconf 70' lang='lat' dir='ltr'><strong>int</strong></span> <span class='ocrx_word' id='word_1_384' title='bbox 708 3437 748 3506; x_wconf 75' lang='grc' dir='ltr'><strong>τῷ</strong></span> <span class='ocrx_word' id='word_1_385' title='bbox 781 3433 863 3499; x_wconf 75' lang='grc' dir='ltr'><strong><em>πόλις</em></strong></span> <span class='ocrx_word' id='word_1_386' title='bbox 877 3433 1017 3505; x_wconf 67' lang='lat' dir='ltr'><strong>subiende</strong></span> <span class='ocrx_word' id='word_1_387' title='bbox 1033 3441 1068 3490; x_wconf 83' lang='lat' dir='ltr'><strong>ab</strong></span> <span class='ocrx_word' id='word_1_388' title='bbox 1084 3435 1245 3492; x_wconf 86' lang='lat' dir='ltr'><strong>editoribus</strong></span> <span class='ocrx_word' id='word_1_389' title='bbox 1255 3454 1324 3490; x_wconf 90' lang='lat' dir='ltr'><strong>nunc</strong></span> 
     </span>
     <span class='ocr_line' id='line_1_42' title="bbox 207 3498 1322 3576; baseline 0.001 -20"><span class='ocrx_word' id='word_1_390' title='bbox 207 3501 308 3572; x_wconf 72' lang='grc' dir='ltr'><strong><em>ἑταίρῳ</em></strong></span> <span class='ocrx_word' id='word_1_391' title='bbox 341 3498 426 3557; x_wconf 81' lang='grc' dir='ltr'><strong><em>πόλιν</em></strong></span> <span class='ocrx_word' id='word_1_392' title='bbox 458 3500 544 3558; x_wconf 72' lang='grc' dir='ltr'><strong><em>ἔκτισε</em></strong></span> <span class='ocrx_word' id='word_1_393' title='bbox 576 3503 745 3572; x_wconf 80' lang='grc' dir='ltr'><strong><em>Βαργολίοιν.</em></strong></span> <span class='ocrx_word' id='word_1_394' title='bbox 772 3507 913 3560; x_wconf 76' lang='lat' dir='ltr'><strong>onroibus</strong></span> <span class='ocrx_word' id='word_1_395' title='bbox 929 3509 1067 3574; x_wconf 83' lang='lat' dir='ltr'><strong>scriptura</strong></span> <span class='ocrx_word' id='word_1_396' title='bbox 1085 3515 1130 3560; x_wconf 89' lang='lat' dir='ltr'><strong>est</strong></span> <span class='ocrx_word' id='word_1_397' title='bbox 1147 3504 1240 3576; x_wconf 82' lang='grc' dir='ltr'><strong><em>λιμήν.</em></strong></span> <span class='ocrx_word' id='word_1_398' title='bbox 1273 3505 1322 3560; x_wconf 86' lang='lat' dir='ltr'><strong>Sed</strong></span> 
     </span>
     <span class='ocr_line' id='line_1_43' title="bbox 206 3569 1321 3642; baseline -0.001 -16"><span class='ocrx_word' id='word_1_399' title='bbox 206 3573 265 3626; x_wconf 86' lang='grc' dir='ltr'><strong><em>Κοιλ</em></strong></span> <span class='ocrx_word' id='word_1_400' title='bbox 289 3569 307 3640; x_wconf 67' lang='grc' dir='ltr'><strong>η’</strong></span> <span class='ocrx_word' id='word_1_401' title='bbox 331 3569 463 3626; x_wconf 74' lang='grc' dir='ltr'><strong><em>θόλοιοοοι</em></strong></span> <span class='ocrx_word' id='word_1_402' title='bbox 496 3571 662 3642; x_wconf 80' lang='grc' dir='ltr'><strong><em>βαργόλικος</em></strong></span> <span class='ocrx_word' id='word_1_403' title='bbox 685 3569 746 3626; x_wconf 82' lang='grc' dir='ltr'><strong><em>κόλ-</em></strong></span> <span class='ocrx_word' id='word_1_404' title='bbox 780 3575 836 3626; x_wconf 82' lang='lat' dir='ltr'><strong>iam</strong></span> <span class='ocrx_word' id='word_1_405' title='bbox 863 3571 1058 3626; x_wconf 77' lang='lat' dir='ltr'><strong>Groskurdius</strong></span> <span class='ocrx_word' id='word_1_406' title='bbox 1092 3582 1173 3628; x_wconf 88' lang='lat' dir='ltr'><strong>recte</strong></span> <span class='ocrx_word' id='word_1_407' title='bbox 1197 3574 1321 3628; x_wconf 86' lang='lat' dir='ltr'><strong>animad-</strong></span> 
     </span>
     <span class='ocr_line' id='line_1_44' title="bbox 206 3633 1321 3714; baseline 0.002 -20"><span class='ocrx_word' id='word_1_408' title='bbox 206 3659 258 3703; x_wconf 83' lang='grc' dir='ltr'><strong>πος</strong></span> <span class='ocrx_word' id='word_1_409' title='bbox 275 3637 304 3706; x_wconf 76' lang='grc' dir='ltr'><strong>ἐξ</strong></span> <span class='ocrx_word' id='word_1_410' title='bbox 320 3633 418 3694; x_wconf 70' lang='lat' dir='ltr'><strong>odacri·</strong></span> <span class='ocrx_word' id='word_1_411' title='bbox 431 3636 447 3694; x_wconf 84' lang='grc' dir='ltr'><strong><em>ό</em></strong></span> <span class='ocrx_word' id='word_1_412' title='bbox 461 3641 576 3710; x_wconf 76' lang='grc' dir='ltr'><strong><em>πολίτης</em></strong></span> <span class='ocrx_word' id='word_1_413' title='bbox 592 3637 747 3710; x_wconf 80' lang='grc' dir='ltr'><strong><em>Βαργολιοί-</em></strong></span> <span class='ocrx_word' id='word_1_414' title='bbox 782 3641 878 3710; x_wconf 82' lang='lat' dir='ltr'><strong>vertit,</strong></span> <span class='ocrx_word' id='word_1_415' title='bbox 898 3645 1060 3696; x_wconf 78' lang='lat' dir='ltr'><strong>tumeliam</strong></span> <span class='ocrx_word' id='word_1_416' title='bbox 1077 3640 1166 3714; x_wconf 86' lang='grc' dir='ltr'><strong><em>τοιότη</em></strong></span> <span class='ocrx_word' id='word_1_417' title='bbox 1182 3644 1212 3696; x_wconf 88' lang='lat' dir='ltr'><strong>in</strong></span> <span class='ocrx_word' id='word_1_418' title='bbox 1235 3640 1321 3712; x_wconf 72' lang='grc' dir='ltr'><strong><em>τούτῳ</em></strong></span> 
     </span>
    </p>
   </div>
   <div class='ocr_carea' id='block_1_5' title="bbox 122 3705 1320 3778">
    <p class='ocr_par' dir='ltr' id='par_1_5' title="bbox 122 3705 1320 3778">
     <span class='ocr_line' id='line_1_45' title="bbox 122 3705 1320 3778; baseline 0.003 -19"><span class='ocrx_word' id='word_1_419' title='bbox 122 3733 124 3736; x_wconf 92' lang='grc'><strong>-</strong></span> <span class='ocrx_word' id='word_1_420' title='bbox 206 3729 262 3778; x_wconf 86' lang='grc' dir='ltr'><strong><em>της.</em></strong></span> <span class='ocrx_word' id='word_1_421' title='bbox 282 3705 415 3776; x_wconf 78' lang='grc' dir='ltr'><strong><em>Βοίρηνλα</em></strong></span> <span class='ocrx_word' id='word_1_422' title='bbox 433 3711 566 3760; x_wconf 84' lang='lat' dir='ltr'><strong>usitatam</strong></span> <span class='ocrx_word' id='word_1_423' title='bbox 583 3707 748 3762; x_wconf 79' lang='lat' dir='ltr'><strong>luissefor·</strong></span> <span class='ocrx_word' id='word_1_424' title='bbox 783 3711 946 3764; x_wconf 85' lang='lat' dir='ltr'><strong>mutandum</strong></span> <span class='ocrx_word' id='word_1_425' title='bbox 989 3729 1059 3766; x_wconf 90' lang='lat' dir='ltr'><strong>esse.</strong></span> <span class='ocrx_word' id='word_1_426' title='bbox 1092 3715 1201 3767; x_wconf 69' lang='lat' dir='ltr'><strong>Koraos</strong></span> <span class='ocrx_word' id='word_1_427' title='bbox 1240 3712 1320 3766; x_wconf 85' lang='lat' dir='ltr'><strong>scribi</strong></span> 
     </span>
    </p>
   </div>
   <div class='ocr_carea' id='block_1_6' title="bbox 166 3776 1321 4326">
    <p class='ocr_par' dir='ltr' id='par_1_6' title="bbox 166 3776 1321 4209">
     <span class='ocr_line' id='line_1_46' title="bbox 207 3776 1321 3850; baseline 0.007 -22"><span class='ocrx_word' id='word_1_428' title='bbox 207 3793 294 3838; x_wconf 89' lang='lat' dir='ltr'><strong>mam,</strong></span> <span class='ocrx_word' id='word_1_429' title='bbox 319 3777 451 3830; x_wconf 85' lang='lat' dir='ltr'><strong>Pliniana</strong></span> <span class='ocrx_word' id='word_1_430' title='bbox 476 3780 617 3846; x_wconf 88' lang='lat' dir='ltr'><strong>scriptura</strong></span> <span class='ocrx_word' id='word_1_431' title='bbox 637 3779 747 3847; x_wconf 90' lang='lat' dir='ltr'><strong>oppidi:</strong></span> <span class='ocrx_word' id='word_1_432' title='bbox 782 3781 845 3832; x_wconf 85' lang='lat' dir='ltr'><strong>vult</strong></span> <span class='ocrx_word' id='word_1_433' title='bbox 861 3779 909 3836; x_wconf 75' lang='grc' dir='ltr'><strong>κοιλ</strong></span> <span class='ocrx_word' id='word_1_434' title='bbox 932 3783 1016 3848; x_wconf 75' lang='grc' dir='ltr'><strong><em>νῆσος</em></strong></span> <span class='ocrx_word' id='word_1_435' title='bbox 1033 3776 1193 3850; x_wconf 79' lang='grc' dir='ltr'><strong><em>όμοόοομος·</em></strong></span> <span class='ocrx_word' id='word_1_436' title='bbox 1221 3778 1321 3848; x_wconf 68' lang='grc' dir='ltr'><strong><em>ταύτην</em></strong></span> 
     </span>
     <span class='ocr_line' id='line_1_47' title="bbox 206 3840 1319 3919; baseline 0.002 -19"><span class='ocrx_word' id='word_1_437' title='bbox 206 3846 495 3913; x_wconf 85' lang='lat' dir='ltr'><strong>Bargylaprobat,</strong></span> <span class='ocrx_word' id='word_1_438' title='bbox 512 3864 680 3916; x_wconf 85' lang='lat' dir='ltr'><strong>quamquam</strong></span> <span class='ocrx_word' id='word_1_439' title='bbox 695 3848 746 3899; x_wconf 88' lang='lat' dir='ltr'><strong>ali·</strong></span> <span class='ocrx_word' id='word_1_440' title='bbox 783 3840 875 3918; x_wconf 75' lang='grc' dir='ltr'><strong><em>ςόκουο</em></strong></span> <span class='ocrx_word' id='word_1_441' title='bbox 906 3851 1092 3916; x_wconf 77' lang='grc' dir='ltr'><strong><em>Καουοινδεῖς.</em></strong></span> <span class='ocrx_word' id='word_1_442' title='bbox 1138 3849 1167 3901; x_wconf 85' lang='lat' dir='ltr'><strong>Si</strong></span> <span class='ocrx_word' id='word_1_443' title='bbox 1199 3851 1319 3919; x_wconf 80' lang='lat' dir='ltr'><strong>quidem,</strong></span> 
     </span>
     <span class='ocr_line' id='line_1_48' title="bbox 207 3914 1320 3987; baseline 0.001 -22"><span class='ocrx_word' id='word_1_444' title='bbox 207 3922 275 3985; x_wconf 92' lang='lat' dir='ltr'><strong>quot</strong></span> <span class='ocrx_word' id='word_1_445' title='bbox 297 3914 407 3987; x_wconf 84' lang='lat' dir='ltr'><strong>codices</strong></span> <span class='ocrx_word' id='word_1_446' title='bbox 428 3915 562 3982; x_wconf 78' lang='lat' dir='ltr'><strong>Stephani</strong></span> <span class='ocrx_word' id='word_1_447' title='bbox 577 3920 662 3968; x_wconf 87' lang='lat' dir='ltr'><strong>ctiam</strong></span> <span class='ocrx_word' id='word_1_448' title='bbox 678 3919 749 3985; x_wconf 71' lang='lat' dir='ltr'><strong>Bop÷</strong></span> <span class='ocrx_word' id='word_1_449' title='bbox 784 3917 861 3985; x_wconf 89' lang='lat' dir='ltr'><strong>quod</strong></span> <span class='ocrx_word' id='word_1_450' title='bbox 879 3934 945 3970; x_wconf 88' lang='lat' dir='ltr'><strong>sane</strong></span> <span class='ocrx_word' id='word_1_451' title='bbox 965 3917 1102 3971; x_wconf 85' lang='lat' dir='ltr'><strong>facillime</strong></span> <span class='ocrx_word' id='word_1_452' title='bbox 1132 3919 1194 3972; x_wconf 89' lang='lat' dir='ltr'><strong>iieri</strong></span> <span class='ocrx_word' id='word_1_453' title='bbox 1224 3919 1320 3986; x_wconf 86' lang='lat' dir='ltr'><strong>potuit,</strong></span> 
     </span>
     <span class='ocr_line' id='line_1_49' title="bbox 207 3978 1320 4055; baseline 0 -19"><span class='ocrx_word' id='word_1_454' title='bbox 207 3978 416 4050; x_wconf 77' lang='lat' dir='ltr'><strong>ydliohabent,</strong></span> <span class='ocrx_word' id='word_1_455' title='bbox 431 3994 462 4034; x_wconf 92' lang='lat' dir='ltr'><strong>ut</strong></span> <span class='ocrx_word' id='word_1_456' title='bbox 479 3986 583 4050; x_wconf 83' lang='lat' dir='ltr'><strong>pastio</strong></span> <span class='ocrx_word' id='word_1_457' title='bbox 599 3984 749 4038; x_wconf 86' lang='lat' dir='ltr'><strong>chartaceo</strong></span> <span class='ocrx_word' id='word_1_458' title='bbox 784 3981 865 4053; x_wconf 79' lang='grc' dir='ltr'><strong><em>λιμὴν</em></strong></span> <span class='ocrx_word' id='word_1_459' title='bbox 882 3987 912 4038; x_wconf 88' lang='lat' dir='ltr'><strong>io</strong></span> <span class='ocrx_word' id='word_1_460' title='bbox 932 3987 1029 4055; x_wconf 86' lang='grc' dir='ltr'><strong><em>λίμνην</em></strong></span> <span class='ocrx_word' id='word_1_461' title='bbox 1047 3993 1071 4038; x_wconf 85' lang='lat' dir='ltr'><strong>a</strong></span> <span class='ocrx_word' id='word_1_462' title='bbox 1083 3987 1209 4042; x_wconf 85' lang='lat' dir='ltr'><strong>librariis</strong></span> <span class='ocrx_word' id='word_1_463' title='bbox 1229 4003 1320 4040; x_wconf 87' lang='lat' dir='ltr'><strong>corru-</strong></span> 
     </span>
     <span class='ocr_line' id='line_1_50' title="bbox 206 4051 1320 4121; baseline 0.002 -17"><span class='ocrx_word' id='word_1_464' title='bbox 206 4051 280 4104; x_wconf 88' lang='lat' dir='ltr'><strong>libro</strong></span> <span class='ocrx_word' id='word_1_465' title='bbox 304 4051 397 4105; x_wconf 89' lang='lat' dir='ltr'><strong>Vossii</strong></span> <span class='ocrx_word' id='word_1_466' title='bbox 423 4067 475 4117; x_wconf 91' lang='lat' dir='ltr'><strong>pro</strong></span> <span class='ocrx_word' id='word_1_467' title='bbox 492 4053 653 4121; x_wconf 77' lang='grc' dir='ltr'><strong><em>Βαογνλλοιν</em></strong></span> <span class='ocrx_word' id='word_1_468' title='bbox 680 4056 747 4110; x_wconf 81' lang='lat' dir='ltr'><strong>scri·</strong></span> <span class='ocrx_word' id='word_1_469' title='bbox 785 4063 813 4121; x_wconf 91' lang='lat' dir='ltr'><strong>pt</strong></span> <span class='ocrx_word' id='word_1_470' title='bbox 835 4073 848 4104; x_wconf 89' lang='lat' dir='ltr'><strong>s</strong></span> <span class='ocrx_word' id='word_1_471' title='bbox 872 4063 931 4118; x_wconf 86' lang='lat' dir='ltr'><strong>est,</strong></span> <span class='ocrx_word' id='word_1_472' title='bbox 953 4057 1070 4108; x_wconf 81' lang='lat' dir='ltr'><strong>ridetur</strong></span> <span class='ocrx_word' id='word_1_473' title='bbox 1095 4057 1136 4106; x_wconf 91' lang='lat' dir='ltr'><strong>sic</strong></span> <span class='ocrx_word' id='word_1_474' title='bbox 1162 4058 1320 4110; x_wconf 83' lang='lat' dir='ltr'><strong>existimau-</strong></span> 
     </span>
     <span class='ocr_line' id='line_1_51' title="bbox 166 4117 1320 4209; baseline 0.006 -38"><span class='ocrx_word' id='word_1_475' title='bbox 166 4130 172 4140; x_wconf 89' lang='lat'><strong>·</strong></span> <span class='ocrx_word' id='word_1_476' title='bbox 205 4117 506 4206; x_wconf 75' lang='lat' dir='ltr'><strong>pturnestBotpy&#39;o&#39;irc,</strong></span> <span class='ocrx_word' id='word_1_477' title='bbox 524 4139 596 4189; x_wconf 83' lang='lat' dir='ltr'><strong>quae</strong></span> <span class='ocrx_word' id='word_1_478' title='bbox 612 4123 748 4188; x_wconf 80' lang='lat' dir='ltr'><strong>scripturo</strong></span> <span class='ocrx_word' id='word_1_479' title='bbox 785 4124 819 4174; x_wconf 90' lang='lat' dir='ltr'><strong>du</strong></span> <span class='ocrx_word' id='word_1_480' title='bbox 847 4125 937 4188; x_wconf 61' lang='lat' dir='ltr'><strong>‘iisse</strong></span> <span class='ocrx_word' id='word_1_481' title='bbox 956 4125 1134 4209; x_wconf 64' lang='lat' dir='ltr'><strong>Strabonem,</strong></span> <span class='ocrx_word' id='word_1_482' title='bbox 1152 4141 1218 4178; x_wconf 85' lang='lat' dir='ltr'><strong>euro</strong></span> <span class='ocrx_word' id='word_1_483' title='bbox 1238 4120 1320 4192; x_wconf 82' lang='grc' dir='ltr'><strong><em>τοότη</em></strong></span> 
     </span>
    </p>

    <p class='ocr_par' dir='ltr' id='par_1_7' title="bbox 205 4187 1320 4326">
     <span class='ocr_line' id='line_1_52' title="bbox 205 4187 1320 4260; baseline 0.007 -20"><span class='ocrx_word' id='word_1_484' title='bbox 205 4187 353 4242; x_wconf 66' lang='lat' dir='ltr'><strong>strabonis</strong></span> <span class='ocrx_word' id='word_1_485' title='bbox 383 4194 426 4240; x_wconf 89' lang='lat' dir='ltr'><strong>est</strong></span> <span class='ocrx_word' id='word_1_486' title='bbox 450 4203 579 4256; x_wconf 86' lang='lat' dir='ltr'><strong>quaeque</strong></span> <span class='ocrx_word' id='word_1_487' title='bbox 598 4191 694 4250; x_wconf 83' lang='lat' dir='ltr'><strong>eadem</strong></span> <span class='ocrx_word' id='word_1_488' title='bbox 719 4192 748 4245; x_wconf 82' lang='lat' dir='ltr'><strong>iu</strong></span> <span class='ocrx_word' id='word_1_489' title='bbox 783 4193 929 4257; x_wconf 86' lang='lat' dir='ltr'><strong>scriberet,</strong></span> <span class='ocrx_word' id='word_1_490' title='bbox 954 4194 1074 4246; x_wconf 81' lang='lat' dir='ltr'><strong>verbum</strong></span> <span class='ocrx_word' id='word_1_491' title='bbox 1091 4196 1177 4250; x_wconf 76' lang='grc' dir='ltr'><strong><em>πολιν,</em></strong></span> <span class='ocrx_word' id='word_1_492' title='bbox 1198 4196 1231 4248; x_wconf 91' lang='lat' dir='ltr'><strong>in</strong></span> <span class='ocrx_word' id='word_1_493' title='bbox 1250 4193 1320 4260; x_wconf 78' lang='lat' dir='ltr'><strong>eugl-</strong></span> 
     </span>
     <span class='ocr_line' id='line_1_53' title="bbox 205 4255 1319 4326; baseline 0 -14"><span class='ocrx_word' id='word_1_494' title='bbox 205 4258 359 4312; x_wconf 84' lang='lat' dir='ltr'><strong>Ptolsmaei</strong></span> <span class='ocrx_word' id='word_1_495' title='bbox 377 4255 551 4326; x_wconf 83' lang='lat' dir='ltr'><strong>geographia</strong></span> <span class='ocrx_word' id='word_1_496' title='bbox 574 4260 748 4312; x_wconf 81' lang='lat' dir='ltr'><strong>restituenda</strong></span> <span class='ocrx_word' id='word_1_497' title='bbox 784 4261 890 4314; x_wconf 86' lang='lat' dir='ltr'><strong>tatione</strong></span> <span class='ocrx_word' id='word_1_498' title='bbox 928 4260 1069 4316; x_wconf 88' lang='lat' dir='ltr'><strong>habuisse.</strong></span> <span class='ocrx_word' id='word_1_499' title='bbox 1112 4263 1167 4319; x_wconf 84' lang='lat' dir='ltr'><strong>Sed</strong></span> <span class='ocrx_word' id='word_1_500' title='bbox 1202 4261 1319 4318; x_wconf 80' lang='lat' dir='ltr'><strong>fortasse</strong></span> 
     </span>
    </p>
   </div>
   <div class='ocr_carea' id='block_1_7' title="bbox 0 0 1446 4814">
    <p class='ocr_par' dir='ltr' id='par_1_8' title="bbox 0 0 1446 4814">
     <span class='ocr_line' id='line_1_54' title="bbox 0 0 1446 4814; baseline 0 0"><span class='ocrx_word' id='word_1_501' title='bbox 0 0 1446 4814; x_wconf 95' lang='lat' dir='ltr'><strong> </strong></span> 
     </span>
    </p>
   </div>
  </div>
 </body>
</html>
