2846 4812
502 350 761 411 nerrnaorr.
1120 351 1181 416 rra
1208 329 1215 345 ''

90 536 141 617 ίρει
160 533 209 599 τόν
228 532 353 616 τρόπον.
382 534 444 599 ίστι
472 533 506 599 di
526 542 581 616 τῆς
599 533 760 616 Ἰοοερνίνς
778 530 879 622 νήσου
899 538 953 613 τῆς
975 537 1181 618 ripaeorum

88 631 117 698 τό
137 633 187 716 μὲν
212 639 310 717 μῆκος
335 632 476 719 ’μέγιστον
494 629 557 698 rimi
579 637 634 698 rori
657 633 771 712 Νοτίου
793 630 984 716 ἀκρωτηρίου
1001 631 1179 716 όρχόμενον,

87 734 131 798 κοί
148 741 312 819 καταλῆγον
333 733 384 798 tel
404 730 438 798 τό
457 730 656 814 ῬοβόγόιονΙ
674 731 778 814 disper.
802 730 844 808 ὥς
865 728 941 796 τίνοι
961 737 1015 812 τῆς
1034 731 1131 832 νήσου
1143 732 1177 800 τό

87 821 172 914 privor
197 837 269 916 (91)
280 832 386 897 retem
415 831 500 921 flod.-
529 830 563 897 τό
597 831 631 898 δὲ
663 831 776 908 πλάτος
803 831 924 913 όίρχιται
952 829 1007 912 μὲν
1032 829 1094 898 sind
1124 839 1180 898 rori

86 931 170 998 ον’τοῦ
187 933 300 1018 όιιρον,
321 938 496 1014 περαιοῦται
519 933 551 998 δὲ
573 934 616 1010 τίς
636 930 669 996 τό
695 928 868 1014 Ῥοβόγόιον
889 930 1003 1014 όιιρον·
1035 930 1077 1008 oie
1103 929 1179 999 εἶναι

85 1039 132 1114 τῆς
150 1031 243 1116 νήσου
263 1031 296 1096 τό
320 1028 432 1107 πλάτος
452 1028 557 1096 arrideo
581 1032 684 1119 ,sort
706 1031 743 1098 τό
766 1032 798 1096 di
821 1031 899 1113 όιιροι
920 1029 1013 1112 ordwig
1033 1031 1095 1097 ιίπό
1118 1039 1180 1098 τῶν
1207 1071 1210 1078 ¹
1285 1073 1288 1080 ·

62 1121 236 1216 Ιόριζόνιινν
263 1133 397 1214 διέστηκε
424 1129 478 1196 τόν
507 1131 622 1215 τρόπον
650 1138 766 1198 τοῦτον.
795 1127 829 1195 τό
851 1129 906 1213 μὲν
927 1127 1065 1216 α’ριιτρῖον
1085 1131 1179 1215 νότῆς

87 1301 190 1376 quidem
209 1301 322 1358 insulse
342 1299 417 1356 ritus
438 1298 475 1355 ad
494 1297 571 1356 lrune
590 1299 706 1358 modurn
726 1319 758 1358 ao
776 1297 872 1357 hebet.
910 1295 964 1356 Est
984 1310 1080 1376 autem
1099 1269 1180 1358 lv'er*

87 1378 143 1434 niae
161 1379 271 1434 insulae
291 1373 477 1432 Britannicae
503 1375 657 1452 longitudo
683 1376 799 1451 quidem
818 1375 980 1431 maximae
1000 1375 1089 1433 Notio
1109 1395 1178 1452 pro-

86 1453 221 1510 montorio
240 1452 396 1527 incipiens,
416 1460 446 1506 et
466 1449 503 1506 od
523 1448 726 1529 Rholrogdium
746 1450 898 1507 desinens:
919 1448 993 1507 adeo
1012 1461 1045 1507 ut
1064 1454 1177 1509 insulae

87 1527 224 1604 longitudo
246 1529 285 1583 sit
304 1526 463 1584 stadiorum
485 1528 570 1584 2170.
609 1525 746 1597 Latitudo
766 1536 864 1584 autem
882 1527 987 1600 incipit
1006 1527 1121 1602 quidem
1141 1528 1177 1585 alr

87 1599 176 1660 eodem
199 1599 415 1680 promontorio,
439 1603 706 1676 termineturvero
729 1601 765 1660 ad
785 1601 991 1678 Rholrogdium
1011 1614 1177 1677 promonto-

86 1682 168 1737 rium:
193 1679 267 1736 adeo
290 1689 324 1735 ut
348 1679 462 1744 insulae
481 1677 606 1734 latitudo
628 1679 666 1735 sit
685 1679 846 1735 stadiorum
867 1679 949 1734 1834.
988 1677 1060 1735 Eius
1081 1689 1179 1738 autem

87 1756 271 1829 promontorio
297 1754 332 1812 ab
359 1751 566 1830 horizontibus
583 1752 693 1810 distnnt
712 1753 748 1810 ed
770 1753 845 1811 irnno
863 1753 990 1814 modum.
1029 1755 1177 1813 Arotionm

112 1933 136 1992 2)
153 1927 314 2001 ‘l’otidvilrov
342 1929 411 1983 Cod.
442 1930 533 1983 Puris.
575 1933 607 1983 ln
641 1930 721 1983 sulae
740 1928 848 1991 delinit,
866 1929 953 1980 etiam
968 1935 1094 1982 extrema
1110 1945 1177 1999 pan

86 1997 233 2052 delinienda
252 1998 408 2050 Hiberniae
429 1998 606 2068 longitudino
640 1999 754 2052 insulae
775 2005 841 2058 est.¹
865 1998 949 2060 Quod
975 2015 1037 2052 oum
1060 2000 1102 2050 ite
1127 2002 1175 2064 sit,

85 2077 109 2119 et
132 2067 278 2134 latitudine
303 2067 466 2119 Marcianus
498 2083 608 2122 errasse
641 2068 836 2134 promontoria
861 2067 977 2118 Notium
1011 2075 1039 2123 et
1066 2068 1176 2138 llolrog·

85 2135 202 2198 ridetur3
235 2144 382 2204 utramque
407 2136 606 2188 dimensionem
642 2137 717 2188 dium
744 2143 774 2188 et
802 2134 1008 2204 longitudinem
1037 2137 1174 2198 efficiunt,

85 2204 171 2256 iisdem
197 2205 298 2256 finibus
333 2204 500 2272 descripsit,
532 2205 605 2274 quod
641 2208 715 2270 (narn
735 2211 888 2270 utrumque
913 2209 1055 2254 extremas
1082 2211 1176 2270 partes

85 2273 152 2324 nulla
170 2275 281 2324 ratione
299 2271 360 2326 lieri
382 2287 464 2341 posse
483 2268 605 2325 ridetur.
640 2272 799 2326 Hiberniae
815 2271 853 2322 ad
872 2271 1018 2322 meridiem
1033 2287 1129 2325 versus
1146 2279 1175 2324 et

64 2341 155 2403 stluod
181 2342 374 2408 itasoriptum
395 2357 457 2392 cunr
477 2341 606 2410 legimus,
641 2342 677 2392 ad
707 2340 925 2408 septentrionem
958 2339 1113 2404 indicant,)
1147 2345 1175 2392 et

83 2410 123 2460 vir
139 2409 321 2462 dubitandum
339 2410 470 2475 videtur,
491 2411 557 2478 quin
576 2411 605 2460 in
641 2412 727 2478 etiarn
745 2407 940 2476 latitudinem,
958 2407 1086 2474 (Notium
1100 2409 1174 2460 enim

83 2477 165 2530 verbis
181 2493 263 2531 error
283 2479 359 2540 insit,
380 2479 428 2546 qui
449 2485 497 2530 aut
514 2479 606 2544 ierne
641 2486 766 2531 extrema
783 2492 865 2545 pars,
890 2483 922 2528 ut
940 2476 1045 2528 dictum
1064 2484 1120 2540 est,
1139 2477 1174 2529 ad

83 2546 231 2615 Protagora
254 2554 349 2615 potest
372 2547 512 2598 admissus
536 2561 605 2612 esse,
641 2548 829 2607 occidentem,
864 2551 894 2598 et
928 2546 1105 2614 Robogdium
1138 2546 1175 2597 ad

83 2616 187 2668 eonius
205 2616 280 2668 libro
298 2615 460 2666 Marcianus
481 2614 539 2682 ipse
564 2614 605 2665 ia·
640 2619 775 2690 orientem
793 2615 858 2673 esti.
894 2613 999 2666 Confer
1018 2615 1123 2680 gradus
1142 2615 1176 2666 il·

84 2689 152 2735 tetur
169 2701 198 2736 se
216 2684 376 2736 stadiorum
398 2699 542 2734 mensuras
560 2683 606 2734 de·
641 2685 733 2735 lorum
747 2684 883 2745 Iouerum,
902 2697 971 2749 quos
986 2682 1099 2748 quidem
1109 2682 1175 2734 Pto·

84 2754 259 2818 prompsisse,
292 2758 342 2803 eut
371 2752 453 2802 etiarn
480 2751 607 2802 librariis
640 2753 765 2804 lemarus
786 2751 913 2810 notarit,
934 2757 962 2800 et
984 2749 1095 2820 quidem
1114 2765 1176 2800 oum

83 2819 240 2872 tribuendus
257 2827 317 2881 est,
340 2821 387 2888 qui
409 2821 522 2871 nomina
541 2821 608 2870 dno·
642 2820 778 2872 ltlareiani
805 2819 880 2869 notis
906 2819 992 2884 ipsis,
1026 2825 1054 2868 et
1082 2819 1183 2889 mente·

84 2903 136 2938 rum
161 2890 415 2956 promontoriorum
444 2889 607 2939 commiscu-
640 2889 826 2956 complectere
843 2887 952 2939 insulae
971 2885 1105 2938 formam„
1131 2888 1175 2938 ln·

84 2965 164 3019 erent,
183 2965 233 3008 aut
252 2957 373 3025 denique
392 2973 447 3007 non
465 2958 606 3024 integrum
640 2959 719 3010 sulae
739 2956 829 3018 formu
847 2964 891 3006 est
912 2955 1177 3024 parallelogramma

85 3025 161 3076 nobis
174 3025 311 3078 Marciani
329 3041 407 3093 opus,
428 3025 479 3076 sed
498 3032 606 3076 tentum
642 3026 797 3095 obliquum.
809 3024 1176 3092 Ptolemaeuseninr‚quem

85 3095 194 3160 epitome
220 3094 282 3144 eiua
308 3102 418 3144 serrata
443 3099 503 3154 eat,
531 3093 607 3160 quod
641 3095 803 3145 Marcianus
821 3095 958 3160 seqnitur,
978 3099 1098 3170 quatuor
1116 3109 1176 3160 pro·

85 3160 161 3227 iprum
183 3179 200 3214 a
223 3163 305 3213 nobie
329 3161 384 3214 iarn
407 3162 495 3213 semel
521 3169 606 3229 atque
641 3164 782 3214 monteria
795 3171 1003 3220 commemorat,
1023 3177 1093 3229 quae
1109 3164 1175 3214 item

85 3228 174 3282 iterum
200 3231 355 3282 indicatum
388 3238 448 3293 ert,
483 3245 545 3282 cunr
574 3245 607 3282 ne
642 3239 762 3300 quatuor
781 3245 886 3280 cornua
910 3231 1019 3280 insulae
1040 3229 1175 3280 ellieiunt.

87 3295 153 3350 loeus
168 3300 281 3367 quidem
301 3299 374 3366 apud
389 3299 468 3349 illurn
484 3300 607 3364 reperia·
642 3299 869 3366 septentrionale
895 3299 970 3348 latus
991 3297 1025 3346 ed
1046 3297 1175 3348 occiden-

87 3371 130 3432 tur,
150 3368 197 3419 ubi
217 3367 546 3430 insulaeA‚ebudes
566 3368 607 3418 vi·
641 3375 699 3420 tem
724 3367 945 3434 promontorium
973 3360 1106 3430 Βόρειον,
1139 3365 1174 3416 ud

86 3433 194 3488 deantur
227 3437 353 3503 potuisse
385 3439 619 3498 rorrrmemor·ar·i‚'
642 3435 780 3492 orientem
799 3429 965 3505 Ῥοβόρδιον
982 3433 1097 3496 delinit3
1120 3448 1175 3484 me·

86 3517 188 3569 querum
200 3513 295 3556 tamen
308 3505 438 3564 notitiam
448 3501 607 3571 Stephanus
643 3505 780 3555 ridianunr
799 3515 892 3556 autern
908 3503 981 3554 latus
997 3502 1031 3553 ad
1048 3501 1175 3552 occiden-

86 3585 111 3624 ex
127 3573 264 3626 Marciani
284 3573 393 3640 periplo
406 3577 450 3624 *se
480 3572 608 3639 desump·
644 3579 699 3624 tem
718 3567 842 3638 Νότιον,
868 3572 903 3622 ed
927 3571 1064 3622 orientem
1081 3577 1173 3622 autem

87 3642 145 3694 riree
161 3641 241 3694 dicit.
261 3639 419 3707 Stephanos
433 3641 505 3708 Byz.
523 3639 609 3709 lrabet
641 3635 726 3710 Ἱερόν
751 3642 970 3708 promontorium
997 3639 1175 3690 determinat.

87 3703 156 3760 luent
189 3709 389 3781 Αίβοόὸοιι,
417 3711 499 3778 νῆσοι
528 3705 609 3762 πέντε
644 3709 841 3762 l'ronrontoria
860 3716 888 3761 et
902 3705 1010 3762 Νότιον
1021 3715 1048 3760 et
1066 3701 1177 3777 Ῥοβόρ-

87 3777 320 3846 τῆρΒρετανιιιῆς,
342 3773 379 3839 oie
395 3772 563 3844 Μαρκιανὸς
580 3773 611 3830 ἐν
646 3779 723 3844 διον,
743 3793 814 3846 quae
840 3780 868 3828 in
894 3777 1036 3843 obliquum
1055 3775 1109 3826 sibi
1129 3789 1176 3842 op·

88 3846 210 3915 τιρίιιίῳ.
245 3846 374 3913 Sodres
399 3844 454 3898 hoo
474 3846 557 3897 modo
579 3863 609 3898 ee
643 3849 735 3913 posito
754 3853 833 3909 sunt,
852 3846 964 3914 longius
982 3843 1130 3895 imminent
1149 3845 1177 3895 in
1219 3861 1220 3866 ¹
1252 3837 1261 3858 ⁸

88 3907 169 3968 lubet.
195 3916 230 3966 lit
248 3915 471 3982 promontorium
491 3910 609 3980 Νότιον,
644 3931 731 3976 mare,
750 3912 1179 3983 qnamduorilterupromonto·
1264 3962 1269 3974 ,

89 3983 150 4046 quod
172 3984 206 4035 ad
228 3985 404 4036 occidentem
426 3983 609 4034 meridianam
644 3985 695 4043 ria,
710 3991 739 4034 et
756 3979 873 4050 Βόρειον
891 3989 919 4032 et
935 3975 1027 4048 Ἱερόν,
1042 3997 1114 4050 quoe
1131 3995 1178 4034 eo·

90 4049 234 4104 litter-niae
254 4058 361 4118 partem
383 4051 499 4112 delinit,
516 4059 609 4102 extre·
645 4051 1088 4116 deornrodosibisuntopposita.
1105 4051 1179 4112 Quo·

91 4131 122 4171 nr
140 4135 205 4188 pars
220 4121 331 4173 insulae
352 4129 412 4183 est,
434 4129 462 4172 et
481 4135 610 4186 promon-
644 4122 718 4172 niem
741 4121 831 4190 igitur
851 4119 988 4170 ilibernia
1007 4120 1035 4169 in
1062 4115 1178 4185 paralle-

91 4191 178 4240 torium
192 4183 362 4258 Ῥοβόγδιον,
379 4189 453 4258 quod
469 4188 503 4243 ad
519 4189 610 4240 orien·
646 4189 830 4257 logrammate
855 4188 908 4240 sita
934 4195 995 4246 est.
1020 4185 1180 4238 necessario

90 4259 130 4308 tem
156 4259 405 4325 septentrionalem
438 4265 544 4325 partem
573 4257 610 4306 in·
646 4259 794 4325 sequitur,
829 4269 889 4308 eam
925 4257 1081 4325 longiorem
1107 4265 1179 4306 ereo
