2852 4816
246 371 287 434 18
529 384 583 428 oa
611 365 806 429 scaurum
834 383 883 430 au
908 369 1078 430 anusch

245 554 319 617 ineu
341 572 361 614 e
381 549 538 614 memoria
558 531 733 615 hominum*
745 551 935 624 excidisset,
976 547 1074 626 Quod
1090 533 1168 618 tune
1190 553 1276 618 scite
1297 575 1357 640 po·

247 655 309 716 tuit
329 647 514 738 Menippus,
536 639 678 716 Asianus
706 650 795 736 ip'se,
823 667 856 716 et
875 651 1104 736 Pergamenus.-
1153 651 1228 718 Non
1254 653 1358 741 longo

247 749 536 837 itaque,1'1tp'uto,
558 749 800 831 aberrabimus,
829 751 859 814 si
879 747 974 817 illum
1004 751 1174 822 Commodi
1202 759 1359 842 tempori·

233 845 309 917 ‘hus
331 851 546 936 assignemus.

241 979 242 983 =
280 1023 310 1088 8)
332 1002 463 1087 Formae,
484 1019 586 1090 quib'us
602 985 756 1074 hlancrnnt
775 1017 887 1088 Scripta
905 983 1094 1092 designamur
1115 1021 1324 1086 hSusunauo.

330 1139 444 1206 Placet
464 1151 573 1202 autem
595 1135 700 1202 obiter
720 1137 852 1223 fortnas,
874 1138 990 1224 quihus
1010 1139 1175 1226 praedicta
1196 1139 1359 1224 Marciani

247 1241 427 1327 Scriptaa
455 1238 621 1327 Stephano
651 1239 871 1328 advocantur,
910 1238 1118 1305 observem
1152 1232 1235 1306 Cum
1263 1244 1358 1305 testis

187 1407 188 1412 ,
247 1341 516 1424 adducituripse
540 1325 748 1420 Marcianis,
782 1338 843 1404 illa
872 1342 943 1424 ejus
972 1339 1102 1428 Scripta
1130 1341 1357 1426 designantur,
1394 1343 1396 1346 ’

249 1463 332 1528 quae
354 1435 413 1504 suo
436 1441 565 1504 nomine
585 1441 656 1526 ipse
685 1443 871 1526 insignivit;
914 1439 963 1506 vel
993 1440 1120 1507 scilicet
1148 1439 1279 1508 Periotli
1298 1463 1358 1526 pe·

249 1542 386 1618 destres,
407 1539 460 1604 vel
482 1539 606 1605 Oceani
627 1541 762 1628 Peripli,
784 1539 836 1605 vel
858 1541 1064 1608 ltinerarium
1086 1542 1128 1608 ab
1141 1537 1230 1608 Urbe
1250 1541 1358 1607 Roma

249 1641 291 1704 ad
313 1639 419 1706 Urbes
439 1644 646 1726 insigniores.
688 1639 739 1712 lta
761 1643 887 1708 scilicet
909 1642 1095 1731 plerunque.
1138 1642 1249 1708 Semel
1270 1648 1360 1708 enim

182 1737 184 1746 ’
249 1740 465 1805 advocatur'1
489 1739 677 1806 Marcianus
698 1739 770 1828 ipse
792 1763 810 1806 e
833 1743 878 1806 11⁰
902 1744 1124 1828 Epitomarum
1145 1741 1358 1809 Aitemidori.

249 1839 347 1916 Quod
369 1859 446 1905 sane
461 1845 567 1935 potuit
583 1845 780 1927 contingere,
803 1844 889 1929 quod
903 1844 1011 1908 locam
1027 1841 1133 1923 illum,
1156 1863 1251 1932 quem
1272 1847 1358 1908 forte

241 1944 404 2006 ‘omiserat
417 1940 642 2005 Artemidorus
652 1949 681 2023 ²,
704 1939 892 2006 Marcianus
913 1945 984 2028 ipse
1005 1965 1051 2008 ex
1072 1943 1137 2009 elio
1156 1943 1278 2030 aliquo,
1299 1965 1358 2032 eu·

246 2045 304 2125 jus
334 2055 443 2104 tamen
481 2058 598 2104 nomen
626 2044 809 2124 reticuerit,
832 2045 990 2109 Auctore
1019 2045 1230 2132 suppleverit.
1283 2041 1358 2108 Hoc

202 2157 207 2178 t
250 2144 337 2205 enim
358 2139 529 2226 profitetur
550 2146 622 2228 ipse
644 2139 848 2226 Marcianus,
889 2144 937 2208 ita
958 2166 994 2208 se
1018 2146 1053 2209 in
1080 2143 1198 2213 alienis
1220 2145 1359 2230 Scriptis

251 2261 323 2305 essa
346 2231 529 2326 versatum,
551 2257 586 2306 ut
607 2241 816 2310 nihilominus
837 2258 999 2312 constaret
1020 2247 1096 2334 quid
1118 2249 1189 2332 ipse
1211 2244 1358 2329 scripsis-

250 2351 301 2405 set
320 2341 456 2430 Auctor,
478 2357 511 2408 et
539 2345 614 2430 quid
636 2345 676 2408 de
699 2367 757 2409 suo
779 2347 911 2412 aliunde
933 2341 1136 2432 suppleverit
1156 2345 1356 2410 Marcianus.

249 2441 351 2507 Porro
374 2443 565 2528 Menippum
587 2465 651 2507 non
673 2447 707 2506 in
729 2445 900 2531 Epitomen
921 2447 1067 2530 redegit,
1098 2447 1174 2528 sed,
1217 2467 1280 2530 qua
1302 2444 1359 2506 de·

250 2563 324 2606 esse
353 2545 446 2606 vis'us
477 2557 546 2624 est,
591 2547 769 2626 auctiorem
804 2545 893 2608 iecit.
949 2543 1019 2610 Nec
1046 2541 1212 2630 Periplum
1242 2548 1360 2609 dunta-

249 2653 313 2704 xat
335 2642 532 2720 uuiversum,
555 2640 614 2704 sed
635 2655 668 2704 et
689 2657 798 2726 partes
819 2641 942 2728 Peripli
963 2641 1130 2728 singulas,
1152 2643 1212 2708 suh
1234 2643 1360 2730 Peripli

247 2741 381 2804 'nontine
402 2723 594 2828 'Stephanus
623 2741 810 2819 advocavit,
849 2730 962 2827 nempe
995 2741 1160 2830 Periplnm
1190 2748 1360 2831 utriusque

244 2839 367 2919 Ponti,
409 2837 572 2925 Periplum
601 2841 861 2929 Paphlagoniae,
897 2839 1064 2930 Periplum
1093 2840 1265 2927 Bithyniae
1294 2857 1359 2910 etc.

250 2937 362 3004 Minus
383 2937 529 3024 profecto
550 2957 710 3007 accurate.
774 2939 1063 3028 Quanquam-'enim
1084 2963 1195 3008 omnes
1217 2945 1358 3010 invicem

251 3062 401 3104 annexae
434 3039 599 3127 Periplnm
624 3042 783 3120 fecerint,
817 3041 903 3127 quod
938 3044 1105 3106 circuitum
1136 3043 1358 3130 expleverint3

251 3153 362 3226 partes
384 3155 492 3206 tamen
514 3143 663 3229 singulae
684 3163 748 3207 non
771 3141 969 3229 explebant,
990 3144 1133 3228 {proinde
1149 3149 1275 3211 rectius
1296 3147 1358 3211 Pa-

252 3239 338 3328 rapli
367 3263 472 3328 quam¹
488 3241 611 3331 Peripli
639 3241 864 3330 appellandae.
921 3241 1022 3308 Onam
1051 3247 1136 3308 enirn
1162 3249 1357 3312 maritimam

251 3335 578 3430 praeternavigdbant
597 3347 706 3434 potius
728 3347 823 3433 qaam
844 3343 1181 3432 circumnavigabant.·

221 3517 222 3522 ’
251 3505 280 3579 i.
296 3515 325 3575 9.
342 3511 462 3566 Munius
485 3514 560 3570 iuter
585 3516 748 3583 Maurarum
774 3522 803 3568 et
827 3516 1008 3570 Manctauuu
1033 3519 1265 3581 denuntiemus,
1282 3517 1354 3570 anti-

232 3617 234 3622 ’
626 3603 711 3671 quior
729 3593 986 3674 constantinopoli.

335 3729 409 3795 ihm
438 3731 478 3796 d'e
503 3729 666 3802 Marciani
693 3757 827 3822 agamus
857 3749 974 3802 aetate.
1025 3734 1125 3822 quue
1154 3747 1276 3816 certum
1305 3751 1355 3802 cst

219 3914 225 3930 ι
254 3827 419 3915 inprimis,
441 3835 655 3919 antiquiorem
682 3859 756 3902 esse
785 3838 951 3924 Stephano
985 3830 1105 3900 Lexioi
1135 3823 1354 3926 Geogmphioi

254 3925 409 4015 Auctore,
431 3935 451 3998 i
473 3956 536 4020 quo
561 3938 662 4022 ¹testis,
684 3938 872 4004 advocatur.
919 3938 959 4002 si
986 3937 1115 4022 quidem
1142 3941 1173 4004 is
1198 3942 1243 4006 sit
1263 3939 1354 4006 Mat·

255 4029 387 4112 cianus,
409 4037 502 4119 cujus
518 4038 664 4104 menrinit
684 4039 887 4123 Synesius³,
909 4038 1091 4104 utoredunt
1107 4038 1266 4121 nonnulli,
1284 4045 1354 4128 jam

276 4266 293 4318 d
310 4179 638 4320 ΡΠιῦῑῦιῆὶ.,Μαλλοέιῖιι
666 4191 703 4262 a)
715 4191 1004 4260 mnrctaupuiiti.
1037 4189 1068 4260 d)
1085 4192 1186 4261 Synes.
1205 4193 1351 4262 Epictiti

257 4281 273 4318 a
333 4283 421 4335 yam.
