2872 4814
487 199 501 243 l

331 301 421 382 rna
447 321 668 384 marsnae
695 321 942 386 οΑΛιεειιε.
1128 324 1193 392 ιιι

84 508 129 560 ille
146 505 293 560 cerami
305 521 376 570 οιιι,
396 503 441 558 lrie
458 503 617 558 Doridis
650 500 741 578 ταύτῇ
758 501 775 561 ὁ
793 503 895 576 ἰσθμός
912 501 1190 577 daemoniosam.

84 577 140 628 sive
157 575 359 643 Thymnias
378 590 396 627 a
412 576 558 628 veteribus
576 573 617 625 di·
650 572 709 627 Kal
734 570 769 644 δὴ
790 578 882 630 πολλ’
897 575 971 645 χειρὶ
993 595 1024 631 τε
1047 573 1191 648 ἐργαζομέ-

86 643 209 712 sebatur]
229 644 325 713 aliquo
338 645 395 696 sibi
412 644 476 696 loco
493 645 536 696 ita
553 657 617 712 pro·
655 661 712 696 ναν
736 646 793 697 τοῖν
808 595 936 700 Kvtsslov
951 647 1060 713 μᾶλλον
1083 644 1136 732 γὰρ
1161 667 1190 704 τι

85 715 198 781 pinques
229 729 306 774 esse,
338 719 371 764 ut
394 713 536 781 spatium,
562 725 617 780 quo
651 709 701 764 sul
717 708 894 781 θειότερονὲ
917 713 1031 767 αι’νοντο
1047 732 1192 783 τιτρωσκε-

84 781 317 850 uterqueinterse
332 781 488 833 disiunctus
501 781 548 843 sit,
562 793 618 831 non
652 781 724 832 σθαι
744 779 772 833 ol
804 778 886 851 ἐργαζ
903 800 982 850 μενοι
1009 784 1060 836 τοῦ
1082 781 1192 848 οἰκότος

85 853 171 902 maius
189 865 287 918 quem,
306 858 339 901 ut
356 851 526 902 Herodotus
538 849 618 915 droit,
652 843 688 900 τὰ
705 865 735 902 τε
753 845 826 904 dttd
842 852 895 904 τοῦ
914 846 1042 936 σώματος
1065 851 1114 906 aul
1138 850 1191 921 μά·

86 920 203 988 quinque
228 919 386 972 stadiorum
413 919 466 970 sit:
493 925 523 970 et
546 915 618 969 haee
652 918 732 970 λιστα
759 913 794 970 τοὶ
817 917 883 984 περὶ
913 936 986 981 τοας·
1013 913 1191 988 ὀφθαλμοὺς,

86 1003 144 1040 mea
174 988 340 1040 coniectura
378 989 440 1039 risa
472 986 543 1038 milri
558 990 619 1040 ,ast
650 983 831 1054 θραυομένης
843 989 892 1056 τῆς
905 984 1017 1056 πέτρης,
1027 986 1151 1056 ἔπεμπον
1163 986 1192 1054 ἐς

87 1057 166 1108 dorso
184 1056 287 1108 montis
306 1055 480 1123 confirmari,
506 1053 617 1125 quode
652 1051 783 1121 Δελφοιὶς
813 1053 998 1123 θεοπρόπους
1025 1053 1191 1126 ἐπερησομέ-

86 1124 235 1193 longinquo
252 1124 485 1196 μηοιμὶοιοιιιιιιι.κ
502 1127 540 1176 Ac
554 1136 618 1190 pro·
651 1117 901 1190 νοοςτόοῖντίξοον.
918 1124 1130 1192 Descriptiones
1144 1142 1192 1178 re·

87 1193 157 1246 lecto
175 1191 247 1244 nihil
266 1191 318 1244 lrao
334 1193 540 1245 litauiortiana
552 1205 618 1244 eon·
652 1193 724 1243 teris
741 1192 827 1253 urbis,
886 1207 919 1244 ee
935 1199 965 1245 et
981 1193 1010 1243 in
1028 1193 1191 1246 Beaulortii

86 1263 187 1314 iectura
207 1261 303 1314 verius
320 1277 381 1330 esse
407 1266 509 1330 potest.
546 1259 619 1312 Naar
652 1259 727 1311 libro
745 1266 774 1312 et
793 1260 844 1313 Gla
880 1262 1000 1324 ilsunt,
1019 1263 1192 1314 cunnintue-

87 1329 311 1398 promontorium,
330 1330 404 1399 quod
420 1328 617 1383 hodie—linio
652 1343 724 1391 mur,
742 1328 938 1398 intelligimus,
956 1343 1011 1398 quo
1025 1331 1109 1382 medo
1124 1346 1190 1384 oon·

88 1399 200 1461 dieitur,
219 1398 250 1449 id
270 1402 327 1448 n'on
353 1399 401 1451 est'
422 1399 620 1466 Triopium
652 1396 799 1466 iunctione
822 1398 932 1450 insulae
963 1399 1191 1468 continentisque

87 1473 216 1528 veterum,
233 1466 284 1518 sed
302 1467 354 1518 illa
380 1469 442 1534 ipsa
466 1483 552 1535 parva
577 1468 619 1517 in·
652 1479 709 1517 non
727 1465 810 1517 modo
827 1465 882 1518 duo
897 1474 1016 1533 portus,
1033 1468 1084 1520 sed
1104 1471 1191 1521 etiam

89 1536 160 1596 sula,
176 1551 260 1604 quam
279 1530 353 1588 mole
373 1552 436 1588 oum
456 1523 620 1588 eontinelrte
652 1535 674 1584 ii
696 1534 780 1603 longe
807 1535 1040 1603 opportunissimi
1070 1552 1191 1588 commo·

88 1606 254 1656 commissam
273 1619 335 1655 esse
358 1605 434 1672 apud
452 1606 618 1657 Strabonem
654 1603 819 1672 dissimlque
845 1603 917 1655 lauti
934 1605 1000 1658 sint.
1036 1605 1115 1658 liaeo
1141 1621 1190 1657 eu·

87 1673 215 1740 legimus3
238 1674 402 1724 istaeutom
417 1673 519 1739 moles,
538 1673 624 1724 cuius
653 1677 710 1723 tem
737 1672 902 1724 coniunctio
935 1679 1081 1741 postquam
1114 1673 1193 1727 laeta

88 1741 234 1794 Mor-nitius
263 1740 370 1811 Anglus
402 1741 461 1802 ,(ὀΐ.
495 1740 619 1794 Clarke'e
653 1746 739 1802 esset,
757 1741 972 1793 moenia-urbis
994 1743 1038 1793 ita
1065 1741 1192 1810 protule-

88 1816 151 1864 τιον.
171 1809 229 1872 rol,
248 1810 306 1873 lll,
327 1825 352 1877 p.
372 1811 434 1874 213)
453 1825 550 1863 areum
574 1824 619 1862 re-
652 1814 719 1860 ront
737 1808 847 1871 cnidii,
871 1816 903 1860 ut
920 1808 979 1861 illis
1005 1817 1104 1876 portus
1122 1826 1191 1880 quo·
1214 1863 1218 1878 ,

88 1888 154 1930 stare
181 1879 268 1946 dicit,
293 1880 393 1946 eodem
419 1888 492 1932 teste
518 1879 618 1946 partim
653 1877 953 1944 queincluderentur3
983 1878 1039 1948 aad
1059 1894 1096 1932 ex
1124 1879 1193 1932 reli·

88 1944 222 2013 lapidibus
241 1947 365 2013 delapsis
384 1937 618 2015 partim-alluvio-
654 1947 729 2014 quiis
761 1948 845 1999 urbis
877 1947 960 2013 plane
993 1947 1191 2017 intelligimus,

89 2031 119 2066 ne
143 2016 235 2068 sabuli
261 2015 472 2068 isthmus=le1u
507 2024 619 2084 septuaa
655 2015 753 2067 urbem
768 2017 860 2084 ipsam
876 2016 904 2066 in
921 2016 1084 2070 continente
1103 2018 1131 2069 id
1147 2024 1193 2069 est
1254 2026 1255 2032 ’

88 2085 161 2151 ginta
177 2083 338 2136 cubitorum
359 2084 437 2136 laeta
453 2090 506 2138 est.
543 2086 620 2147 Quo·
653 2083 683 2134 in
716 2086 911 2150 promontorio
943 2085 1193 2152 '1⁸1·lopioluissn;

90 2153 159 2206 cirea
193 2153 247 2204 illa
290 2160 417 2205 extrema
452 2153 619 2222 peninsulae
654 2166 718 2202 nem
743 2167 909 2220 quamquem
935 2153 1019 2204 etiam
1043 2155 1074 2205 in
1098 2156 1193 2208 insula

90 2235 146 2287 pars
163 2221 305 2291 quondam
327 2223 549 2289 promontorium
570 2236 619 2274 vo-
653 2219 810 2272 habitatum
835 2226 895 2283 est,
930 2227 1025 2273 tamen
1062 2238 1115 2275 uec
1151 2221 1192 2273 ul·

91 2296 147 2342 enta
169 2299 213 2343 est
231 2291 445 2357 Triopium,
463 2291 540 2360 quod
564 2290 620 2343 etsi
653 2289 699 2340 lae
718 2289 857 2358 reliquiae
876 2287 1010 2341 ridentur
1034 2289 1064 2341 in
1090 2307 1125 2344 ea
1150 2306 1192 2343 re·

90 2373 179 2410 numen
199 2374 217 2410 a
230 2360 336 2426 'l'riope
359 2359 619 2428 quodamducltur,
654 2357 741 2426 periri
761 2365 850 2423 (nerle
869 2371 921 2409 nee
940 2355 1123 2412 Beaulortius
1141 2373 1193 2412 neo

90 2432 172 2480 temen
191 2443 248 2479 non
268 2428 431 2480 dubitamus
447 2429 514 2497 quin
531 2427 620 2480 trian-
652 2426 856 2479 Morritius·ld
879 2425 1024 2489 indicant)
1050 2443 1103 2480 nee
1129 2428 1194 2496 ipsa

90 2496 144 2614 quii
161 2495 279 2548 iorman'r
298 2497 456 2566 significet,
484 2509 567 2566 quam
584 2496 620 2548 il·
653 2503 769 2563 propter
802 2500 913 2548 montes
943 2509 1100 2566 rupesque,
1130 2497 1193 2564 qul·
1238 2504 1247 2516 “

101 2564 132 2615 ud
157 2567 246 2634 rqunsi
279 2573 396 2634 propter·
421 2567 478 2618 tria
504 2579 619 2633 cornua,
654 2564 706 2615 bus
731 2570 858 2630 constat,
894 2562 1008 2616 ridetur
1039 2565 1076 2618 ad
1113 2563 1193 2618 habi·

91 2634 157 2686 unde
187 2635 217 2686 in
249 2634 436 2703 longinquum
470 2634 620 2702 prospicit,
653 2633 769 2686 tandum
801 2631 884 2684 valde
914 2630 1002 2685 luisse
1034 2648 1193 2687 ιοοοιιιοιο-

91 2699 187 2756 habere
205 2703 325 2756 ridetur.
344 2707 437 2772 Atque
455 2711 488 2754 ut
506 2701 619 2756 ed'rem
653 2700 731 2753 data.
773 2701 907 2753 Fortasse
936 2701 1029 2754 baiuli·
1053 2711 1082 2755 et
1108 2703 1193 2768 labri,

90 2771 169 2836 ipsam
197 2771 362 2834 redeamus,
387 2787 459 2840 quae
482 2771 616 2824 Beauior·
654 2771 700 2838 qui
720 2771 754 2822 de
773 2771 900 2836 portibus
924 2771 1071 2832 vivebant,
1097 2773 1127 2824 in
1148 2773 1191 2825 in·

91 2839 140 2891 tius
157 2840 191 2893 de
213 2842 290 2892 brevi
303 2841 394 2892 'dorso
413 2843 518 2892 montis
544 2841 618 2892 locu·
652 2838 717 2890 sula
739 2837 948 2893 habitaverunt,
985 2841 1021 2892 Ut
1044 2841 1136 2910 igitur
1151 2857 1193 2894 re·

91 2913 196 2970 tuaest,
216 2925 252 2962 ea
266 2910 398 2970 ridentur
413 2910 559 2976 praeclare
575 2907 619 2960 lris
652 2915 796 2976 petamus,
814 2907 889 2976 quod
907 2907 964 2960 iam
988 2913 1102 2978 saepius
1121 2911 1194 2963 dixi·

90 2975 222 3029 Herodoti
247 2978 343 3030 verbis
368 2979 545 3031 confirmari:
571 2977 618 3030 Ol·
654 2991 724 3042 mus,
741 2978 842 3041 insula,
857 2976 941 3028 initio
954 2977 1036 3042 mole,
1052 2995 1135 3031 manu
1153 2979 1193 3032 ΐο-

91 3040 176 3098 udones
201 3043 234 3100 δὲ
253 3045 300 3100 καὶ
323 3042 404 3099 ἄλλοι
421 3047 470 3101 καὶ
483 3047 620 3101 Asusam-
655 3053 710 3107 cta,
731 3061 804 3097 ιιοιιο
821 3044 926 3098 isthmo
946 3061 1009 3098 eum
1028 3050 1191 3102 continente

91 3114 187 3179 μονίιιν
204 3109 322 3168 ἄποικοι
341 3115 472 3178 Κνίδιοι,
498 3117 548 3184 τῆς
568 3111 621 3184 χιό
654 3116 815 3178 coniuncta,
833 3129 907 3166 nuno
926 3131 992 3183 cap
1011 3117 1104 3169 Krio
1126 3118 1195 3170 dici·

92 3199 134 3248 ρης
154 3184 204 3250 τῆς
230 3181 362 3250 σφετέρης
384 3180 570 3268 τετραμμένης
593 3179 621 3245 ἒς
654 3189 701 3234 tur
714 3183 800 3269 (quod
817 3191 910 3235 tamen
926 3199 1024 3236 nonren
1041 3201 1097 3237 non
1114 3202 1130 3236 e
1148 3201 1194 3238 re·

91 3247 247 3318 πόντον,τὸ
270 3247 305 3320 δὴ
325 3248 464 3318 Τριόπιον
480 3255 619 3306 καλειται.
654 3257 716 3302 tere
747 3251 859 3303 nomine
886 3250 1004 3318 Triopie
1035 3251 1193 3305 ducendum

92 3311 219 3387 ἀργμένης
252 3316 283 3372 δὲ
313 3315 342 3372 ἐκ
372 3321 422 3405 τῇς
448 3316 619 3390 χερσονήσου
654 3326 706 3381 est,
724 3313 780 3372 sed'
799 3335 818 3370 a
849 3318 935 3438 uplqu,
965 3321 1031 3387 quia
1057 3320 1126 3374 lraee
1151 3323 1194 3373 in-

91 3388 133 3451 τῆς
153 3387 317 3458 Βυβασσίης,
351 3383 450 3457 ἒουοης
472 3407 502 3444 τε
531 3385 571 3441 ποί
609 3407 623 3452 ς
655 3389 718 3438 aula
735 3389 816 3454 quasi
835 3401 890 3456 quo
911 3403 955 3437 um
980 3389 1062 3439 niodo
1090 3391 1195 3458 capitia

91 3455 133 3520 τῆς
149 3457 268 3524 Κνιδίης
293 3450 366 3524 τιμὴν
390 3450 499 3526 ὀλίγης,
524 3475 589 3525 περι
608 3485 620 3494 -
654 3457 754 3518 arietis
778 3456 879 3508 similla
906 3470 968 3508 esse
986 3457 1110 3520 ridetur)
1128 3460 1193 3510 ‘t'rr-

92 3518 154 3587 ῥόον
163 3524 182 3586 ·)
200 3520 235 3577 τοὶ
252 3520 302 3592 μὲν
318 3519 372 3592 γὰρ
386 3520 473 3594 αι’τῆς
483 3520 554 3594 πρὸς
572 3525 619 3596 βο·
655 3525 750 3592 opium
776 3535 870 3577 eutem
895 3524 947 3576 illu
973 3535 1193 3594 extremapars

92 3592 137 3671 ρῇν
152 3587 256 3660 ἄνεμον
282 3588 299 3645 o‘
317 3591 490 3672 Κεραμεικὸς
513 3590 619 3655 κόλπος
655 3593 818 3660 peninsulae
830 3599 1027 3659 vocatum'est,
1047 3596 1194 3664 quae-plu·

92 3659 221 3742 οτμίργει·
236 3655 273 3714 τοὶ
283 3657 315 3714 δὲ
329 3657 403 3746 μρρς
415 3657 531 3748 sedenos}
546 3656 619 3715 κατοὶ
655 3663 733 3713 ribus
752 3662 885 3714 cornibus
898 3663 927 3713 in
944 3677 1023 3716 mure
1043 3666 1193 3732 prominet.

91 3726 443 3866 diisidissnpillll
459 3730 620 3854 ‘’llt‘ltl
654 3729 1195 3870 limoniatis:‘stultit

92 3859 177 3917 rerinl
193 3862 275 3920 πέντε
297 3851 415 3936 desidua,
442 3883 570 3936 ωροσσοιι
593 3865 623 3921 el
657 3868 721 3919 dum
743 3882 805 3920 esse
823 3869 903 3930 dicit,
920 3867 970 3920 sed
985 3884 1049 3922 οοιιι
1066 3867 1136 3934 lroe,
1162 3876 1196 3924 ui

92 3931 215 4002 Κνίδιοι,
235 3931 266 3988 ἐν
283 3926 555 4006 ὅοφ“Αριταςος-τη“ν
572 3941 621 3989 lu·
655 3937 716 4004 ipse
735 3934 834 4004 docet,
859 3935 1019 4000 minimum,
1037 3938 1114 4008 quod
1138 3944 1195 3990 sta-

93 3997 148 4066 vt‘pv
163 3998 363 4088 κατεσρέφετο,
378 4005 557 4074 ’βουλόμενοι
574 4005 621 4072 νῆ·
655 4011 769 4068 tuatur,
793 4004 976 4057 intervallum
1000 4007 1054 4076 sit,
1083 4007 1118 4060 de
1143 4005 1196 4059 hae

94 4065 204 4138 σοι-τὴν
221 4090 314 4155 χοριμι
338 4075 464 4142 ποιῆσαι.
485 4067 563 4134 ἐντος
590 4068 622 4126 dl
655 4074 758 4141 peripli
776 4087 907 4125 mensura
924 4075 1039 4128 omnino
1065 4075 1196 4130 dubiten-

93 4133 164 4189 τᾶσσὶ
180 4153 231 4207 σφι
248 4138 369 4208 ἐγενετο·
386 4143 422 4214 τῇ
438 4137 493 4212 γὰρ
518 4137 536 4210 ἡ
553 4143 621 4194 Κνι-
655 4142 721 4194 dum
744 4157 799 4194 non
817 4148 878 4196 ean·

95 4200 137 4272 δίη
152 4202 226 4277 κόρη
245 4203 338 4277 remp
359 4203 480 4281 ἦτειρον
496 4210 620 4281 τελευτᾷ,
686 4211 715 4276 2)
732 4212 764 4266 ln
788 4206 954 4282 apographo
979 4215 1024 4266 est
1049 4206 1188 4280 Μήσιιρος
1224 4221 1229 4238 ·
