2872 4814
233 336 313 420 eie
446 346 866 410 araarazoroaaror
884 346 1144 408 noninaora
1247 309 1249 315 ’

614 531 640 618 †
669 533 804 614 Νήσοι
833 527 964 595 ἄλλαι.

257 675 260 683 ·
317 650 368 714 Ἐν
390 649 522 734 Κοεγέας
542 650 585 724 εἰς
608 647 758 724 Herelius
781 649 863 711 cred.
887 645 922 728 ρ’.
943 644 1104 728 Ἐπανλήμι
1126 646 1337 712 meholalai

237 755 346 835 ἔκδηλα
367 747 551 830 διαστήματα
572 745 650 831 πρὸς
670 745 782 828 νήσους
808 745 930 822 τὰςολε.ι
976 745 1028 810 Ἐκ
1049 747 1155 829 Δήλου
1177 750 1222 823 εἰς
1243 746 1338 828 Θήραν

181 861 185 868 ’
237 854 318 918 erud.
348 856 426 913 w.²
470 846 522 914 'm
543 848 647 930 Δήλου
668 845 720 910 ἐπὶ
745 841 802 926 τήν
821 842 1003 930 Ἀμουργίαν
1031 849 1075 924 εἰς
1102 844 1160 930 τήν
1188 850 1334 912 Μίνωονῧ

237 954 317 1017 erud.
341 945 394 1033 χή.
433 945 485 1012 Ἐκ
513 947 618 1030 Δήλου
641 948 683 1022 εἰς
702 942 902 1026 ’Δυαφυίνήν4
924 947 1004 1010 erud.
1028 943 1063 1032 ρ’.
1105 943 1157 1010 Ἐκ
1181 947 1280 1029 Δήλου
1301 947 1339 1018 ste

236 1051 295 1142 Ἰὸν
315 1054 395 1118 etad.
413 1047 465 1136 pv‘.
506 1048 559 1114 'Ea
580 1048 683 1132 Δήλου
702 1047 744 1122 εἰς
764 1043 819 1121 τὰς
839 1046 995 1128 Κορολαςῦ
1019 1049 1101 1109 arod.
1123 1041 1176 1128 χή.
1211 1043 1261 1108 Ἐκ
1281 1043 1338 1126 Δή-

237 1161 292 1219 λου
322 1156 365 1230 εἰς
385 1146 564 1233 Κομυλλόν6
589 1149 668 1212 crud.
699 1142 739 1208 ω’.
783 1143 834 1208 Ἐκ
858 1143 962 1226 Δήλου
984 1146 1028 1222 εἰς
1050 1148 1170 1227 Σίφνον
1192 1147 1269 1210 crud.
1286 1143 1336 1226 pp'.

236 1257 286 1316 Ἑν
302 1251 405 1336 Δήλου
428 1253 470 1327 εἰς
484 1248 628 1313 Κύδνον1
649 1246 730 1312 ovat.
742 1243 853 1308 τν’.Ἐκ
869 1242 973 1326 Δήλου
989 1247 1032 1320 εἰς
1042 1245 1180 1310 Στένον”
1201 1248 1278 1310 orati.
1291 1244 1335 1305 ον’.

601 1431 779 1496 Ceterae
810 1427 989 1496 insulae.

314 1557 338 1614 A
366 1554 478 1634 Cregea
503 1552 534 1606 in
561 1549 688 1608 Petaliae
716 1544 895 1606 stadia'ldtl.
935 1546 1081 1606 Converte
1107 1567 1154 1604 me
1184 1568 1281 1606 rursus
1305 1547 1335 1604 ad

240 1650 407 1702 menturae,
428 1647 501 1706 quae
521 1637 590 1684 runt
610 1645 627 1684 a
646 1623 722 1682 Delo
742 1626 779 1682 ad
802 1626 912 1682 insulas
932 1623 993 1680 hoa.
1025 1625 1051 1681 A
1073 1621 1149 1681 Delo
1171 1624 1336 1683 in·Theren

241 1709 336 1766 stadia
354 1707 420 1764 350.
461 1709 484 1762 A
504 1701 580 1760 Delo
601 1702 636 1760 ad
661 1707 751 1760 Amor
774 1720 811 1757 on
831 1701 868 1757 ad
888 1700 1017 1759 Minoam
1038 1701 1132 1757 stadia
1151 1703 1215 1759 750.
1237 1701 1337 1758 ADelo

243 1787 272 1842 in
294 1783 437 1858 Anaphen
461 1780 555 1837 stadia
579 1782 640 1836 100.
689 1779 723 1835 A'
770 1779 815 1834 elo
844 1779 874 1833 in
901 1775 952 1832 lon
979 1775 1075 1832 stadia
1106 1777 1174 1834 050.
1227 1781 1250 1835 Α
1274 1777 1338 1834 Delo

186 1875 188 1878 ·
241 1864 271 1916 ln
292 1859 441 1916 Coraeoiar
461 1856 557 1912 rtadia
575 1855 641 1912 050.
671 1850 791 1909 ADelo
812 1857 843 1909 in
864 1851 1008 1908 Cimolum
1029 1851 1124 1908 stadia
1144 1857 1207 1910 800.
1235 1851 1337 1910 Allelo
1416 1909 1417 1914 χ

240 1939 271 1992 io
291 1933 434 2010 Siphnum
452 1932 546 1988 etadia
564 1931 630 1987 050.
657 1929 681 1985 A
705 1926 781 1984 Delo
801 1929 832 1984 in
853 1926 999 2004 Cythnum
1019 1927 1114 1984 stedia
1135 1931 1202 1987 350.
1226 1931 1248 1988 A
1274 1929 1340 1985 Delo

241 2128 302 2166 rum
319 2111 474 2163 insularum
496 2105 602 2158 mentio
622 2106 661 2158 lit.
708 2107 778 2158 cum
812 2104 900 2158 durch
921 2107 1154 2177 Ueberlielerung
1179 2106 1342 2176 nachgewie-
1416 2101 1417 2154 1

241 2188 335 2234 tameo
361 2196 375 2232 e
403 2178 519 2246 regione
550 2174 594 2226 hia
623 2176 725 2228 insulis
748 2178 777 2226 in
812 2191 898 2226 renen
920 2174 1341 2245 natiirliclrenVerdoderungeo

242 2245 599 2316 Euboeapromontorium
625 2245 678 2307 eit,
703 2243 778 2312 quod
815 2237 866 2295 der
886 2243 1115 2299 Erdoberllilclre.
1152 2247 1206 2298 Ein
1226 2243 1341 2298 Verauch

240 2319 277 2370 ad
300 2317 415 2370 Sunium
434 2315 536 2382 vergit,
555 2327 671 2382 cumque
690 2314 721 2365 id
736 2313 778 2364 io·
813 2311 921 2365 von'll.
942 2315 973 2364 E.
995 2314 1196 2378 n.vont10ff,
1232 2313 1341 2368 3'l'ltle.

241 2388 274 2440 lii
290 2387 414 2454 speciem
432 2383 534 2436 habere
552 2383 643 2450 poseit
667 2385 744 2447 (roam
763 2397 780 2433 a
814 2378 867 2431 'rto
886 2381 928 2439 ll,
950 2381 978 2434 S.
1000 2381 1058 2436 153.

127 2507 131 2514 ,
242 2457 351 2524 cerulei
375 2455 436 2505 aine
455 2452 540 2502 dubio
557 2463 658 2501 nomen
678 2450 779 2500 ducen-
849 2449 876 2510 3)
896 2447 1101 2512 Conseruntur,
1130 2466 1203 2519 quae
1221 2450 1343 2520 popili

243 2525 308 2576 dum
333 2523 402 2586 ert),
430 2518 564 2572 facillime
588 2517 651 2569 lieri
678 2519 780 2584 potuit,
815 2533 856 2584 eq.
883 2517 1097 2584 disputavimus.

237 2599 275 2645 nt
290 2592 402 2644 insulae
416 2582 781 2657 quoque,contrehocpro-
849 2587 876 2646 l)
904 2586 1117 2650 Emendandum
1148 2591 1205 2638 eet:
1238 2580 1343 2652 Ἀνάφην

176 2693 179 2697 -
243 2653 782 2719 montoriunraitoe,Petaliaevoca-
816 2649 951 2720 etp‘rel
974 2651 1022 2721 pv‘
1047 2651 1140 2708 reloi.
1184 2657 1252 2706 Cum
1275 2668 1342 2706 mare

243 2736 350 2784 rentur.
388 2727 482 2778 Hodie
513 2723 612 2792 Spili
636 2728 781 2775 vocantur.
816 2722 956 2790 Aegaeum
972 2723 1055 2775 valde
1069 2723 1343 2776 terraemotibuaer·

242 2799 285 2854 Ad
320 2811 416 2849 earum
439 2794 563 2863 aliquam
592 2791 706 2842 ridetur
734 2803 782 2858 po·
816 2791 938 2855 peritum
957 2806 1018 2842 ecoe
1037 2799 1165 2854 constet,
1184 2807 1256 2860 quae
1272 2805 1345 2843 cauea

242 2868 332 2920 tuisse
349 2863 463 2932 appelli.
817 2856 882 2918 fuit,
902 2865 933 2910 ut
946 2859 1039 2924 plnree
1051 2861 1162 2914 insulae
1177 2867 1292 2928 repente
1304 2875 1343 2912 er·

278 2935 305 2999 1)
322 2933 404 2986 llaec
440 2929 527 2982 verba
557 2929 580 2979 ei
616 2932 784 2991 spectamur,
818 2926 932 2978 titerint
955 2929 999 2978 vel
1029 2931 1160 2982 extitisse
1180 2931 1271 2982 dictae
1288 2929 1345 2988 aiot,

245 3003 407 3056 existimare
431 2999 581 3055 debemus,
609 2992 683 3044 hunc
712 2994 783 3044 scri·
817 2996 845 3046 in
876 2991 920 3046 hle
950 3004 1068 3062 proter
1098 3012 1199 3050 nomen
1233 3000 1345 3051 fortasse

245 3077 356 3139 ptorem
388 3081 442 3118 non
474 3067 566 3132 ipsum
597 3061 651 3112 hos
674 3075 783 3123 curcua,
817 3065 903 3115 etiam
921 3011 1036 3130 AnapAe
1059 3068 1230 3119 numeranda
1247 3073 1296 3120 eat

246 3154 317 3207 quoe
326 3136 379 3190 hoe
388 3135 496 3202 periplo
506 3132 602 3191 tradit,
619 3129 784 3191 confecisse,
851 3133 878 3194 5)
889 3133 1276 3204 EmendandumKopaooloe.
1286 3137 1345 3188 Con·
1415 3119 1416 3198 l

239 3207 296 3262 ¹aed
320 3221 354 3260 er
378 3204 499 3257 aliorum
520 3199 637 3270 periplia
655 3199 782 3266 deprom-
817 3199 910 3251 iratur
928 3215 993 3270 pag.
1012 3203 1062 3253 212
1082 3219 1123 3272 aq.

209 3293 211 3298 ·
246 3279 327 3330 aisse.
347 3266 782 3338 Ceterumproindpleacribeo-
850 3268 881 3334 d)
901 3269 1112 3323 Emendandom
1131 3272 1273 3341 Κίμωλον.
1306 3275 1345 3324 Et·

248 3346 312 3398 dum
330 3352 373 3395 ert
390 3337 427 3396 ἐκ
443 3338 573 3410 Δήλου.
819 3337 952 3391 iamnune
973 3337 1107 3392 Cimoli
1128 3342 1243 3406 dicitur,
1261 3359 1343 3412 quan·

280 3415 308 3478 2)
327 3415 409 3464 llanc
436 3423 610 3468 mensuram,
646 3420 706 3457 eum
742 3419 785 3454 ee·
819 3421 903 3473 quam
936 3406 1054 3459 alterum
1085 3424 1188 3464 nornen
1219 3415 1343 3482 Argen-

159 3521 160 3526 ,
247 3482 398 3552 quentibua
429 3482 637 3545 comparatam,
669 3477 786 3540 oportet
819 3475 934 3541 tiera,
952 3476 1045 3542 quod,
1067 3493 1129 3531 cum
1148 3479 1299 3551 aliquando
1320 3481 1343 3530 in

162 3586 164 3590 ι
247 3565 307 3606 eece
332 3548 440 3602 falsam.
484 3549 552 3598 cum
577 3549 675 3611 postea
700 3544 785 3594 lora
820 3557 854 3594 ea
870 3543 987 3595 metalla
1004 3553 1106 3610 eareat,
1127 3558 1284 3618 acceperat,
1298 3549 1342 3601 uel·

247 3619 321 3674 Delo
340 3617 480 3670 sexcentis
499 3615 706 3683 quinquaginta
729 3615 784 3662 ota·
814 3612 908 3670 ,tatius
922 3612 1120 3668 videturesse.
1141 3618 1277 3673 Mensura
1292 3623 1344 3670 rino

248 3688 303 3740 diia
329 3686 427 3738 abesae
456 3684 585 3749 dicatur,
609 3679 712 3733 Strabo
737 3693 786 3729 ao·
819 3680 907 3733 dubio
932 3680 1008 3733 iueto
1033 3685 1125 3736 maior
1142 3693 1201 3749 eet,
1231 3687 1342 3740 ridetur·

248 3763 304 3808 tem
329 3758 378 3808 lon
400 3770 418 3806 a
435 3751 531 3804 'l'hera
548 3756 658 3803 centum
684 3747 785 3801 etadiie
820 3763 875 3817 que
893 3743 917 3816 χ’
939 3749 983 3801 rel
1001 3756 1033 3801 ut
1048 3752 1180 3823 deinceps
1192 3753 1237 3824 ιμ’
1253 3755 1341 3809 subm.

248 3823 347 3878 rberee
369 3823 459 3883 dieat,
489 3825 566 3873 certe
588 3813 637 3885 ψν’
659 3816 784 3869 aeribeo·
820 3819 957 3869 tuendum
975 3833 1046 3874 eece.

248 3892 313 3944 dum
332 3899 389 3953 eat,
407 3890 462 3942 niei
482 3888 558 3942 forte
575 3883 606 3950 ω’,
626 3901 688 3942 eum
706 3900 783 3938 men·
850 3887 879 3950 t)
898 3887 1112 3940 Emendandum
1137 3886 1271 3958 Κύθνου,
1299 3905 1342 3942 uec

247 3976 331 4082 tlt}
346 3957 689 4080 ttt'ttttt‘dtt
708 3953 786 4074 {liii
817 3953 1343 4096 :titttttlttttl’tttttt'

248 4097 298 4152 St.
317 4093 424 4150 Erini
442 4096 502 4149 eive
523 4092 683 4147 unoverbo
703 4091 783 4144 San·
817 4108 871 4144 nus
896 4107 914 4143 a
943 4091 1078 4157 thermis,
1115 4063 1188 4164 quae
1217 4099 1257 4151 ibi
1279 4101 1346 4158 runt,

247 4167 347 4220 torio
366 4165 480 4218 dicitur.
506 4163 550 4217 De
568 4164 629 4215 eiue
651 4166 716 4212 ortu
738 4175 784 4212 ae·
818 4159 991 4214 Thermia
1008 4162 1123 4217 dicitur.

247 4243 365 4303 tateque
379 4230 543 4284 conferatur
553 4227 721 4283 Geechichte
734 4230 785 4280 der
852 4229 880 4292 8)
898 4229 965 4284 Sine
979 4230 1068 4283 dubio
1084 4231 1286 4286 emendandum
1297 4233 1340 4300 pp.
