2872 4814
332 367 420 427 ΤΗΣ
444 360 666 428 ΜΕΓΑΛΗΣ
689 367 937 476 oetaeum
1125 369 1188 436 205

81 550 118 605 cti
135 549 215 606 Petri
239 547 295 604 isoc
318 550 423 604 dictum
450 557 509 613 est,
538 551 612 620 quod
647 552 758 613 omnia3
786 558 864 608 certe
888 554 917 606 in
945 549 1052 608 siclinis
1076 555 1188 609 castelli
1220 612 1224 618 ,

80 621 186 689 equites
202 618 403 674 Rhodisieuses
429 621 458 671 in
476 618 530 671 hoc
548 635 614 688 pro·
649 621 814 685 Morritius‚
838 638 918 690 quam
940 640 1003 677 uam
1030 624 1188 694 diligentis·

79 689 219 742 montorio
233 695 429 751 extruxerunt,
443 688 526 757 quod,
546 689 615 740 olim
647 691 718 741 sime
732 692 881 756 quaesivit,
900 641 970 743 sniiul
987 695 1095 760 reperit
1108 708 1188 761 prae·

80 758 184 818 insula,
221 759 333 810 nomine
365 756 613 824 Zephyrus,
648 760 921 811 tersex'columnas
942 776 1048 829 genere
1073 761 1188 826 Dorico,

81 826 302 894 (cleraturPlin.
322 827 357 886 ll,
378 828 433 888 89)
457 831 523 893 post
540 825 614 878 mole
647 827 764 878 striatas
805 829 1036 896 sustinentesque
1081 831 1187 898 episty-

81 895 352 948 cumllalicaroasso
363 895 543 947 coniunctum
560 901 613 946 est.
647 895 732 958 lium3
760 911 879 964 cunique
905 896 996 950 solum
1026 899 1114 950 multo
1146 895 1188 951 al·

80 963 260 1016 Beaufortius
293 962 363 1016 haec
397 962 483 1026 dicit,
508 977 536 1030 p.
563 963 612 1014 952
645 967 703 1015 tius
726 965 765 1014 sit
795 979 878 1033 quam
904 965 986 1030 olim,
1018 981 1053 1018 ax
1081 981 1116 1019 eo
1141 982 1188 1020 eo-

80 1032 211 1085 Constare
241 1031 357 1086 videtur
393 1033 471 1084 inter
505 1045 612 1098 omnes,
646 1033 757 1084 lamnae
775 1032 859 1099 paulo
886 1031 1049 1104 plusquam
1074 1041 1184 1103 septem

79 1101 192 1152 vicum
218 1101 367 1154 Rudrun
394 1100 485 1152 locum
510 1097 613 1152 habere
647 1101 733 1170 pedes
751 1103 883 1156 eminent.
909 1105 940 1154 ln
959 1103 1056 1157 eadem
1073 1105 1188 1167 vicinia,

81 1169 398 1233 reterisllalicarnassi3
417 1185 468 1220 nec
483 1167 612 1236 proiecto
630 1171 675 1220 'in
694 1171 894 1238 agro'l'uroae
913 1171 1068 1234 cuiusdam,
1089 1180 1189 1225 extant

81 1239 168 1304 potuit
191 1237 274 1290 facile
292 1238 371 1289 locus
400 1237 445 1290 rel
466 1238 610 1290 amoenior
646 1253 737 1306 pauca
779 1237 939 1308 fragmenta
987 1243 1187 1306 columnarum,
1266 1231 1271 1256 ⁴

80 1305 121 1358 rel
134 1307 209 1357 omui
223 1307 253 1358 in
268 1322 300 1359 re
316 1303 555 1360 accommodatior
569 1321 612 1358 se·
646 1307 732 1358 etlam
742 1307 852 1359 striata.
871 1307 989 1360 Praeter
997 1316 1107 1378 portum
1122 1305 1188 1360 hoc·

80 1374 128 1442 ligi
143 1375 227 1437 ullus,
238 1377 268 1427 in
284 1391 340 1494 quo
356 1390 438 1444 reges
454 1375 555 1426 Cariae
569 1389 612 1426 se·
646 1391 700 1444 que
719 1374 955 1442 prosrbntorium‚
979 1378 1054 1446 quod
1082 1385 1187 1430 utrum·
1289 1381 1293 1390 “

82 1442 139 1495 dem
152 1444 233 1513 regui
248 1444 433 1496 colorarent.
450 1443 519 1496 lude
534 1459 552 1495 a
568 1459 613 1494 ca-
647 1459 703 1512 que
714 1445 941 1497 Halicarnassum
956 1450 1086 1514 testatur,
1100 1447 1188 1498 etiam

82 1513 134 1592 pite
148 1513 226 1564 sinus
234 1519 312 1564 terra
320 1513 432 1580 paulum
440 1512 568 1568 ascendit
583 1516 614 1563 et
646 1512 740 1564 insula
763 1520 807 1564 est
830 1516 1079 1578 Arconnesus,
1104 1531 1188 1584 quam

80 1581 230 1634 rusulaCos
240 1587 269 1633 et
279 1589 356 1633 totus
365 1580 613 1633 sinusCeramicus
647 1597 743 1632 omnes
770 1587 882 1634 veteres
912 1583 941 1634 in
965 1584 1029 1634 sinu
1060 1585 1189 1638 Halicar-

81 1665 163 1717 usque
177 1649 215 1702 ad
229 1650 452 1716 promontorium
462 1649 532 1701 Krio
548 1663 612 1700 con·
646 1649 772 1702 nasscnsi
792 1651 874 1701 sitam
896 1665 957 1702 esse
976 1651 1086 1706 docent.
1118 1653 1188 1705 Eam

82 1719 146 1783 spici
165 1723 271 1785 potest.
291 1720 323 1772 ln
341 1718 435 1772 leonte
454 1719 612 1786 urbisrpro-
647 1717 824 1777 hodle'l'urci
838 1718 951 1786 quidem
970 1719 1188 1784 dicuntOrak,

81 1789 162 1840 minet
180 1787 210 1839 in
227 1791 319 1839 sinum
344 1802 429 1854 rupes
455 1802 558 1856 magna
584 1793 614 1838 et
647 1787 696 1840 sed
722 1787 827 1838 Graeci
851 1791 1048 1842 Arconeso.
1083 1792 1187 1843 Arcon-

81 1855 222 1924 quadrata,
236 1859 281 1906 cui
293 1855 612 1922 castellunrimpositum
647 1871 731 1917 nesus
757 1856 818 1907 sinc
848 1856 934 1907 dubio
966 1858 1188 1924 transpositione

81 1931 128 1976 cst.
152 1925 196 1976 sd
212 1923 548 1977 occidentemacastello
566 1939 613 1975 an·
647 1926 793 1977 literarum
819 1943 836 1992 p
865 1931 895 1976 et
918 1945 934 1978 κ
965 1935 1058 1977 ortum
1084 1931 1188 1980 estex

81 1999 176 2060 gustus
205 2000 303 2061 portus
330 2000 388 2056 est,
420 1991 614 2061 aliquandoa
648 1987 817 2060 α’κσόνησσς,
852 1994 881 2044 id
914 2001 959 2046 est
990 1994 1050 2046 alta
1085 1994 1187 2063 insula,

81 2061 293 2128 tempestatibus
311 2061 513 2113 tutus'doabus
528 2074 613 2127 oppo-
648 2061 771 2128 haecque
787 2063 957 2130 significatio
967 2061 1088 2116 nominis
1102 2064 1188 2131 plane

82 2129 268 2183 sitismolihus
282 2130 417 2198 lapidum,
434 2145 504 2198 quae
520 2136 612 2180 tamen
648 2130 791 2182 consentit
825 2147 887 2182 cunr
927 2139 1030 2184 natura
1067 2132 1187 2186 insulae:

81 2214 147 2250 uunc
169 2197 281 2252 dirutae
295 2205 369 2261 sunt,
387 2198 497 2250 etiamsi
513 2204 613 2264 portus
648 2194 815 2251 Beorrlortio
830 2205 903 2252 teste
924 2201 952 2250 in
973 2201 1114 2252 altissimo
1126 2217 1189 2270 par·

81 2267 234 2318 etiamnunc
248 2268 340 2320 bonus
362 2267 406 2318 tst
421 2267 456 2319 ad
474 2266 613 2332 recipien·
648 2274 676 2320 te
708 2268 863 2321 Arconnesi
902 2267 1040 2336 reliquiae
1078 2268 1188 2320 castelli

82 2333 114 2386 da
129 2337 239 2387 minora
263 2336 384 2404 navigia.
421 2337 500 2388 llaec
525 2335 613 2386 lieau·
647 2343 721 2396 sunt,
740 2350 811 2403 quae
827 2335 965 2402 reliquiae
979 2336 1108 2389 videntur
1124 2338 1188 2390 cius

81 2401 188 2455 lortius.
211 2405 360 2456 Morritius
385 2403 470 2468 dicit,
493 2405 523 2456 in
542 2400 614 2453 hurso
648 2404 762 2466 castelli
775 2404 989 2466 existimandae,
1008 2405 1082 2472 quod
1099 2411 1198 2474 quoir-v

80 2480 186 2538 portum
205 2473 281 2524 inter
300 2475 505 2540 septentriones
532 2473 615 2522 mcri·
648 2473 711 2524 dam
728 2473 755 2522 iu
771 2471 822 2522 hac
834 2474 926 2524 insula
941 2473 1014 2538 fuit3
1035 2489 1097 2524 oum
1112 2472 1187 2540 apud

81 2539 204 2609 diemque
216 2542 328 2605 intrari,
345 2547 375 2592 et
389 2547 510 2610 utroque
522 2539 613 2592 latere
647 2543 809 2604 Arrianuur,
830 2541 905 2593 libro
925 2543 951 2605 Ι,
978 2543 1070 2608 eapite
1090 2541 1186 2594 xxul

80 2609 182 2660 aditum
202 2625 288 2662 arena
307 2617 473 2662 coacervata
493 2609 534 2662 ita
552 2624 613 2660 esse
647 2617 784 2675 scriptum
814 2615 872 2672 est,
910 2610 1056 2662 Persarum
1091 2611 1187 2676 duces,

81 2686 296 2746 coangustatum,
309 2685 342 2730 ut
358 2693 413 2729 non
428 2679 515 2729 latior
529 2692 613 2746 quam
648 2676 852 2736 Orontobatem
879 2683 908 2728 et
932 2679 1121 2742 Memnonem,
1143 2681 1187 2731 iu·

82 2747 224 2814 sexaginta
257 2747 296 2798 sit
328 2746 505 2809 cubitorum
538 2745 612 2814 quod
646 2745 998 2813 consurelictaqoeisrbe,
1016 2748 1186 2800 cuiusmoe-

72 2825 191 2882 ‚propter
209 2815 298 2866 moles
318 2815 425 2874 dirutas
443 2815 504 2867 lieri
530 2820 612 2864 tanto
646 2815 694 2866 nia
718 2813 753 2865 ab
779 2813 938 2868 alexandro
961 2822 1057 2868 essent
1080 2831 1187 2883 expur-

81 2881 186 2934 lacilios
210 2884 312 2951 potuit.
355 2884 413 2935 lam
445 2882 612 2950 significavi,
646 2889 722 2943 nata·
741 2882 859 2933 alterum
877 2885 906 2934 in
926 2885 1126 2948 dracunculum,
1145 2896 1186 2937 a·

79 2948 106 3000 iu
123 2952 332 3018 promontorio,
353 2967 435 3020 quem
460 2951 612 3020 aliquando
646 2957 737 3002 terum
760 2951 788 3001 in
813 2965 906 3004 arcem
932 2952 1096 3006 salmacida
1121 2969 1187 3006 cum

81 3018 196 3071 insulam
211 3019 300 3072 luisse
314 3019 423 3072 Plinius
438 3020 524 3080 dicit,
538 3033 612 3071 nuno
647 3020 737 3088 copiis
749 3020 815 3070 suis
832 3023 1017 3076 concessisse.
1039 3023 1090 3074 .Ut
1114 3019 1201 3074 hane

81 3101 136 3140 esse
169 3089 315 3141 castellum
349 3090 473 3157 equitum
507 3086 613 3140 Rhodi·
647 3087 776 3146 hocloco
797 3105 857 3140 rem
879 3091 1063 3159 attingamus,
1082 3089 1187 3158 duplex

81 3155 219 3209 niensium.
247 3157 277 3208 ln
293 3156 346 3208 hoc
364 3165 457 3210 nutem
471 3157 534 3224 ipso
548 3156 613 3208 loco
646 3159 726 3210 loeus
748 3163 807 3220 est,
826 3159 855 3209 iu
876 3173 931 3227 quo
951 3158 1021 3212 llaec
1034 3175 1105 3221 faex,
1126 3159 1186 3212 Sal·

80 3229 157 3277 antea
191 3226 286 3278 nobile
322 3223 395 3278 illud
434 3225 612 3278 Mausoleum
646 3225 785 3277 macidem
807 3227 888 3292 dico,
907 3229 1031 3293 potuerit
1044 3243 1120 3280 esse:
1136 3235 1187 3280 aut

81 3289 175 3357 luisse,
202 3309 263 3346 cum
289 3295 475 3356 eVitrurio‚
501 3295 548 3362 qui
572 3292 613 3344 al·
648 3309 732 3360 rupes
764 3296 908 3346 cacumine
941 3295 1041 3361 plano,
1073 3302 1103 3347 at
1134 3314 1184 3349 un·

82 3365 140 3413 tero
167 3363 242 3415 libro
273 3370 406 3415 accurate
434 3363 613 3414 Halieumas·
648 3362 732 3429 dique
749 3363 870 3429 abrupta
894 3377 927 3413 ac
945 3376 1094 3430 praeceps,
1128 3365 1187 3419 sita

82 3444 136 3482 sum
167 3431 343 3500 descripsit,l
371 3431 495 3500 intelligi
532 3432 610 3492 licet,
645 3432 723 3482 inter
749 3431 850 3482 seriem
871 3430 998 3498 collium,
1031 3446 1103 3500 quaa
1128 3448 1185 3486 non

81 3503 134 3550 tum
153 3500 266 3568 probari
287 3500 401 3552 videtur
419 3513 470 3563 eo,
487 3498 563 3568 quod
581 3500 611 3550 in
644 3499 687 3552 ita
699 3513 729 3551 se
746 3499 845 3567 procul
860 3500 896 3550 ad
911 3501 1133 3567 septentrionem
1149 3503 1185 3555 ab

83 3571 186 3622 castelli
199 3569 288 3620 muris
299 3569 420 3621 internis
432 3568 521 3621 multa
534 3569 611 3634 frag·
645 3569 846 3621 Halicarnasso
870 3569 1000 3637 porrigit.
1035 3569 1067 3620 ln
1089 3585 1123 3622 ea
1138 3586 1186 3622 ru·

82 3647 169 3690 nsenta
195 3643 319 3690 veterum
351 3652 521 3689 marmorum
553 3637 612 3688 exi·
647 3653 680 3704 pe
697 3636 881 3688 Beaulmtius
904 3638 1038 3706 reliquias
1064 3639 1186 3705 peranti-
1234 3633 1243 3648 ⁸

82 3705 131 3755 mio
167 3721 252 3772 opere
283 3707 514 3774 conspiciuntur3
546 3720 611 3756 narn
647 3707 695 3774 qui
727 3705 837 3758 castelli
868 3707 977 3758 invenit
1001 3721 1118 3775 eamque
1148 3708 1187 3760 ob

85 3774 302 3828 cunicastellum
319 3783 347 3827 et
363 3775 527 3827 brevissimo
543 3779 612 3825 tens·
647 3791 757 3832 causam
781 3790 842 3826 eam
862 3775 1111 3840 Salmacidaqesse
1137 3792 1184 3845 pu·

83 3854 145 3906 pore
165 3851 326 3896 extructum
344 3845 383 3896 sit
401 3850 429 3895 et
447 3843 475 3894 in
493 3857 550 3911 quo
572 3843 613 3894 lo·
646 3850 705 3907 tat,
733 3859 766 3894 ac
782 3859 850 3895 saue
868 3851 968 3896 natura
992 3844 1047 3896 loci
1071 3844 1186 3898 ridetur
1270 3888 1272 3898 ,

83 3924 112 3960 co
123 3907 294 3964 Mausoleum
311 3912 376 3974 luit,
393 3927 449 3963 non
465 3911 550 3963 modo
570 3910 612 3962 la·
647 3911 691 3964 his
723 3912 835 3966 Arriani
873 3914 967 3964 verbis
998 3920 1186 3968 consentanea

83 3985 150 4030 ctum
166 3987 227 4044 est,
252 3988 300 4044 ut,
325 3979 460 4050 quidquid
485 3978 612 4047 lapidum
646 3996 718 4036 esse.
753 3981 781 4034 ls
801 3982 829 4042 l,
847 3979 889 4044 23,
901 3975 980 4050 ''qu
996 4000 1026 4036 τε
1042 3976 1099 4051 ἠώς
1117 3978 1185 4036 sini·

83 4054 109 4096 et
124 4051 259 4103 *ritaterici
291 4049 430 4118 reliquum
470 4048 613 4102 Mausolei
670 4068 745 4117 αινε,
773 4050 883 4118 inquit,
909 4048 958 4103 nni
986 4047 1112 4104 uerticis
1134 4047 1185 4114 eric

81 4125 164 4179 esset,
183 4119 218 4170 ad
239 4117 445 4172 aedificandum
465 4115 612 4170 adhibere·
646 4137 748 4185 aspar,
772 4109 806 4180 ἃς
836 4116 920 4170 οἵτε
944 4115 1052 4185 Πέρσαι
1082 4118 1130 4173 καὶ
1156 4117 1185 4173 oi

83 4189 139 4249 tur,
163 4187 213 4240 sed
238 4195 269 4240 ut
286 4191 372 4240 etiam
396 4187 518 4256 vestigia
541 4186 614 4236 auti·
645 4184 822 4256 μισθοφόροι
838 4182 1041 4255 κατειλήφεσαν
1065 4190 1184 4255 (dronn-

83 4254 125 4322 qui
151 4257 246 4326 operis
275 4257 427 4324 rideantur
466 4255 613 4312 evanuisse
647 4271 742 4310 orsum
774 4261 804 4310 et
835 4253 1051 4324 samarticas),
1081 4252 1185 4320 ταύτας
