2872 4814
345 372 435 434 rna
458 371 678 432 Mamurra
703 360 947 432 causariis
1135 351 1198 436 aaa

81 556 260 632 'Atrcltioe
269 562 287 602 1'
307 556 485 642 ἐπίκυρτον
504 556 632 622 Τένεδον
652 556 734 620 συιδ.
755 553 791 620 ιί.
811 554 893 622 ’Ant
914 555 1043 621 Τενέδου
1057 554 1100 630 είς
1112 553 1201 640 Αιίρ·1

82 665 203 724 νοινιιι3
228 657 433 743 poploe-orob
455 656 492 736 ἔ.
512 655 818 741 διιὲρ·.ιιῖςοιίλιιοις3
844 655 917 739 ὅρος
937 654 1013 739 μέγα
1025 653 1197 737 ὑπέρκειται

84 791 135 852 dia
154 793 203 848 20.
242 787 407 851 ATcuedo
427 789 464 850 ad
483 789 633 870 Lyrnauta
653 791 804 850 castellum
831 789 926 848 stadia
944 786 991 848 60.
1031 785 1128 864 Supra
1147 807 1196 846 ur·

120 919 147 982 1)
167 917 268 970 lllirari
288 919 374 980 subit,
393 917 624 979 eurabauctore
659 923 688 970 et
714 921 827 976 nostrae
852 915 956 968 aetatis
981 915 1136 986 scriptores
1168 919 1196 970 et

86 987 193 1054 peripli
226 987 294 1038 urbs
325 987 411 1040 Olbia
440 987 546 1038 omissa
576 989 624 1050 sit,
659 993 769 1040 veteres
795 984 961 1050 Lyrnatianr
987 1001 1043 1036 non
1075 984 1195 1038 insulam

85 1072 159 1122 quac
179 1071 197 1106 a
215 1054 354 1107 Strabone
372 1055 492 1123 allisque
510 1057 623 1108 initium
658 1055 710 1106 sed
721 1053 895 1122 peninsulam
905 1053 1010 1115 dicant,
1025 1068 1195 1124 quamquam

86 1121 277 1190 Pamphyliae
296 1123 409 1177 dicitur.
430 1125 498 1176 Cum
508 1133 624 1178 auctore
659 1121 745 1196 facile
765 1121 909 1190 largimur,
927 1121 1069 1172 interdum
1082 1123 1195 1174 rerbunr

87 1191 248 1254 Strabone,
291 1197 323 1243 ut
365 1208 452 1260 supra
484 1193 624 1257 vidimus,
658 1193 746 1260 νῆσον
759 1205 810 1258 pro
830 1189 977 1258 peninsula
990 1190 1063 1254 dici;
1085 1190 1195 1242 sednos

87 1261 238 1312 castellum
262 1261 394 1330 magnirm
421 1267 450 1314 et
473 1262 626 1314 munitissi·
659 1260 853 1314 existimamus
886 1259 996 1326 potius,
1027 1259 1050 1310 'a
1075 1259 1195 1324 Scylace

86 1346 163 1380 mum
182 1327 278 1393 luerit,
295 1330 419 1382 fortasse
434 1345 488 1381 non
500 1331 537 1382 ad
548 1346 626 1384 mare
660 1323 789 1396 Αιίροιίοιν
806 1328 866 1380 aire
882 1321 1008 1396 Αδραίοις
1026 1343 1125 1380 revera
1144 1342 1195 1394 pro

85 1401 183 1466 ipsum
208 1397 259 1450 sed
284 1399 408 1466 paullum
427 1399 462 1450 ab
482 1415 533 1451 ora
553 1400 626 1468 posi·
660 1397 756 1450 insula
775 1394 901 1448 habitam
925 1412 994 1450 esse.
1034 1395 1196 1450 Gronovius
1256 1389 1262 1412 ³

88 1475 150 1518 tum
169 1465 241 1529 fuit,
259 1467 302 1516 ita
320 1473 351 1518 ut
369 1481 424 1518 non
444 1469 573 1535 potuerit
590 1467 625 1521 ab
660 1465 823 1526 existimat,
851 1479 901 1532 pro
920 1467 1004 1534 νῆσος
1027 1457 1139 1532 Adpetis
1157 1465 1195 1517 le·

88 1551 134 1599 eo,
153 1535 201 1602 qul
218 1535 355 1603 periplum
374 1535 485 1598 lecerit,
505 1552 626 1588 commc-
660 1533 782 1606 gendum
802 1549 865 1586 csse
882 1535 966 1601 νῆσος
981 1527 1100 1605 iteretis,
1124 1549 1195 1602 quae

88 1603 209 1657 morari,
245 1604 282 1654 Ut
302 1611 397 1656 autem
423 1611 626 1658 commemora·
660 1604 758 1657 eadem
783 1617 800 1654 a
829 1599 971 1668 Stephano
997 1617 1196 1654 commemora·

88 1679 172 1724 retur
190 1689 207 1724 a
222 1670 350 1740 Scylace,
369 1669 434 1724 hinc
453 1671 625 1736 factumest,
660 1680 723 1725 tur:
741 1663 781 1738 Ἄρ
800 1668 847 1734 oie
864 1673 947 1738 νῆσος
961 1664 1079 1752 κρδςτῇ
1095 1671 1196 1744 Λυκίᾳ,

88 1741 166 1810 quod
186 1741 210 1792 is
228 1755 429 1810 saepenumero
448 1758 543 1794 earum
558 1757 625 1812 quo·
661 1739 691 1792 in
709 1744 771 1808 quo·
784 1689 857 1790 baud
877 1739 962 1790 dubie
976 1739 1196 1791 isterrrdoctus

88 1825 144 1878 que
163 1809 275 1862 urbium
294 1811 466 1862 mentionem
485 1809 572 1874 iacit,
591 1809 627 1864 ad
662 1807 846 1862 vehementer
865 1814 961 1862 errat:
975 1823 1040 1858 nam
1050 1808 1197 1878 quaequae

89 1893 161 1947 quas
177 1893 232 1930 nou
247 1885 318 1932 nav'e
332 1879 498 1946 appulisset,
513 1881 562 1932 sed
578 1886 628 1932 aut
664 1877 761 1930 insula
780 1875 969 1946 intelligenda
987 1882 1047 1940 est,
1066 1877 1121 1928 ista
1142 1876 1196 1926 nori

89 1945 235 2016 proiectus
262 1953 337 1998 esset
367 1949 518 2001 autetiam
538 1964 625 2018 prope
663 1953 758 2014 potest
772 1945 914 2016 intelligi,
939 1945 1012 1998 acsi
1032 1943 1102 2013 quid
1120 1945 1197 1997 vide-

89 2017 192 2070 abesse
210 2015 376 2068 audivisset.
519 2019 521 2024 '
623 2016 626 2022 '
662 2011 1197 2084 mus‚haeclirgaiseaest,quae'hbdie

124 2087 153 2148 2)
175 2086 254 2148 Quae
264 2083 319 2136 duo
332 2089 490 2153 sequuntur
502 2084 627 2148 castella,
662 2083 821 2140 Raschat
839 2091 923 2152 atque
942 2100 959 2138 a
978 2079 1070 2135 Plinio
1091 2083 1124 2137 V.
1148 2083 1197 2134 l2tl

91 2151 214 2216 Τένεδος
228 2158 257 2204 et
272 2149 392 2222 Λιίρνοις,
412 2154 543 2208 ridentur
559 2169 625 2206 non·
661 2153 863 2208 atelebusa
882 2153 1001 2205 dicitur.
1022 2153 1196 2204 Postremum

91 2224 156 2274 dum
185 2221 301 2274 condita
330 2219 419 2276 iuisse
450 2223 627 2291 temporibus
662 2221 727 2274 num
746 2218 859 2288 Λίρνυς
878 2237 914 2272 au
935 2220 1197 2287 Λυρνανίοιοοοίὶυε

91 2289 625 2359 magulhlexandri,nameorumab
662 2306 766 2344 nomeu
802 2293 856 2350 sit,
893 2303 950 2340 nou
985 2303 1197 2352 asseveramus,

90 2361 136 2420 iis,
157 2359 206 2426 qui
226 2373 270 2410 res
290 2365 384 2428 gestas
395 2361 477 2411 istius
490 2361 626 2428 perscrip·
661 2375 830 2430 quamquam
846 2356 899 2409 hoc
913 2358 980 2430 locp
992 2358 1056 2425 plus
1072 2356 1198 2408 tribuen-

91 2431 199 2491 serunt,
218 2429 350 2480 nonulla
368 2429 399 2480 lit
425 2429 540 2480 mentio.
576 2429 626 2480 Cc·
662 2425 1197 2500 dunressecensemusauctoriperipli.

91 2505 184 2550 terum
208 2502 305 2548 noster
348 2497 454 2566 eriplus
484 2497 626 2565 praeclare
694 2501 722 2560 3)
742 2500 772 2550 ln
791 2511 889 2564 apogr.
909 2495 951 2548 sic
970 2501 1029 2548 est:
1052 2489 1124 2560 circlo
1149 2495 1198 2562 τῆς

90 2577 125 2638 ιν1
145 2564 290 2631 Stephano
321 2513 392 2633 δυο,
434 2567 626 2634 confirmatur,
660 2563 775 2628 πόλεως,
796 2565 869 2618 uude
883 2564 1020 2634 sequitur,
1033 2560 1198 2614 baecverba

91 2634 137 2702 qui
165 2634 207 2684 sic
238 2635 352 2700 scripsit
383 2652 405 2688 s.
433 2651 458 2687 v.
492 2631 625 2696 Τίνεδοςε
661 2651 696 2688 ne.
719 2636 838 2704 ligantia
879 2633 990 2686 librarii
1039 2631 1197 2684 excidisse:

84 2699 165 2755 Ἔστι
188 2700 236 2755 καί
253 2701 335 2766 πόλις
356 2700 477 2766 Τένεδος
494 2699 566 2771 κρδς
593 2705 628 2774 τῇ
662 2697 719 2758 eino
738 2706 787 2774 τῆς
806 2697 968 2770 Λίρναννος
986 2695 1033 2754 ἐπὶ
1052 2699 1198 2767 Φασηλίδα

91 2770 194 2843 Λυκίᾳ.
229 2762 433 2840 Ἀπολλόδωρος
459 2767 626 2842 δὲΠοιμφυ-
662 2769 743 2828 occid.
772 2773 848 2834 Quot
867 2767 1066 2824 taurenstatlla
1083 2767 1197 2832 fuerint,

93 2840 157 2900 ίίοις
175 2832 264 2910 οινόὴν
281 2835 355 2893 εἶναί
373 2856 449 2910 φησι.
662 2858 717 2892 non
730 2839 948 2902 delinimus,sed
964 2833 1198 2890 tamenhoclicet

124 2913 155 2972 3>
174 2909 252 2970 Cum,
273 2907 510 2978 quemadmodum
530 2923 545 2960 e
564 2907 626 2960 Stc-
663 2911 773 2973 dicere,
793 2924 889 2962 eorum
903 2921 1047 2960 numerum
1064 2909 1198 2972 oportere

93 2974 179 3044 pbani
212 2976 282 3044 Byz.
315 2979 409 3030 verbis
439 2975 626 3045 intelligetur,
662 2980 846 3048 perexiguum
860 2993 931 3040 esse,
946 2974 1198 3028 namiutervullum

92 3044 240 3097 castellum
254 3041 366 3113 Λιίρνοις
379 3047 408 3097 in
427 3045 482 3096 isto
500 3059 629 3112 promon-
662 3047 1105 3114 interpromontoriumdrove,
1124 3041 1198 3112 quod

95 3115 190 3177 torio,
218 3115 292 3184 quod
312 3113 396 3167 hodie
420 3118 540 3165 avora
558 3115 627 3166 dici·
663 3118 785 3169 diximus
806 3115 1198 3182 veteremlxyrnantemesse,

92 3192 157 3246 tur,
195 3183 281 3234 situm
303 3183 406 3250 luerit,
441 3181 627 3235 dubitandum
663 3192 693 3238 et
712 3183 891 3238 Phaselidem
916 3181 1065 3235 admodum
1085 3196 1199 3247 parrum

93 3267 149 3304 non
169 3255 222 3314 est,
240 3251 309 3320 quin
327 3267 464 3305 mensura·
477 3253 628 3322 sexaginta
663 3263 722 3317 est,
740 3253 783 3304 ita
801 3259 833 3303 ut
850 3251 972 3303 fortasse
994 3249 1133 3302 exciderit
1150 3263 1199 3299 nu·

93 3320 253 3372 stadiorum
277 3329 356 3374 recta
379 3323 426 3374 sit.
462 3319 543 3388 Apud
567 3319 627 3373 Ste·
662 3317 807 3374 meruss'.
844 3319 946 3372 Strabo
966 3320 1014 3386 qui
1041 3333 1198 3386 usquequa·

95 3388 216 3458 phanum
245 3389 286 3440 sic
320 3389 439 3460 legitur:
473 3389 627 3458 Αυρνοιτία,
664 3406 718 3459 que
736 3389 893 3440 Homerum
912 3387 1073 3455 odoratur„
1094 3393 1198 3436 utrum·

93 3453 176 3526 χερδό
213 3472 260 3522 σος
283 3457 332 3512 καί
355 3457 468 3528 χωρίον.
510 3451 627 3524 Ἀλέξου·
664 3466 721 3528 que'
744 3457 893 3510 castellum
921 3455 1038 3508 Theben
1072 3460 1100 3505 et
1126 3451 1199 3518 Lyr-

94 3527 163 3593 δρος
207 3545 223 3580 ν
260 3521 381 3596 δευτέρῳ
415 3524 480 3592 περί
513 3527 626 3588 Λυκίας.
663 3541 766 3579 nessou
785 3525 872 3590 dicit,
897 3523 973 3583 XlV.
995 3536 1020 3592 p.
1043 3521 1107 3582 oens
1128 3517 1200 3577 Φασί

93 3598 150 3648 lam
178 3612 195 3647 a
219 3594 353 3647 Berkelio
385 3593 544 3648 rectissime
566 3597 629 3647 anl-
664 3589 690 3650 δ’
715 3592 745 3649 ἐν
770 3595 810 3664 τῷ
833 3589 936 3666 peregri
969 3591 1127 3659 Φασηλίδος
1151 3583 1200 3645 καί
1268 3655 1270 3662 Ι

94 3661 273 3718 mad'rersum
300 3679 362 3716 esse
392 3665 475 3716 nobis
502 3663 629 3725 ridetur,
661 3659 814 3727 Ἄτταίείοις
846 3663 1013 3718 δείκνυσθαι
1044 3655 1138 3730 Θήβν
1171 3675 1201 3716 τε

93 3733 167 3784 hanc
202 3732 378 3802 peninsulam
404 3731 520 3785 eandem
557 3749 627 3796 esse,
661 3733 710 3787 καί
728 3728 903 3801 Λυρνησσὸν,
923 3678 1202 3786 ίκπεοόπωνίκτοδ

93 3817 166 3870 quae
185 3809 270 3854 autea
295 3802 368 3869 apud
394 3797 568 3867 Stephanum
587 3801 627 3851 di·
664 3798 757 3872 Θήβης
782 3801 885 3856 πεδίου
910 3801 967 3854 τοῖν
995 3798 1128 3866 Τρωϊκοίν
1153 3799 1201 3852 Κι-

94 3876 193 3924 catur:
215 3866 383 3938 Λιρνδτεια,
411 3868 492 3936 πόλις
509 3873 628 3938 Happe-
664 3870 797 3932 λίκωνείς
829 3861 1201 3940 ’νΠυμφυίίοινίκμίρους,

95 3939 164 4002 δίας.
190 3933 335 4010 Ἑκαταῖος
359 3932 446 4017 Ἀσίᾳ.
482 3937 628 3992 hSalma'·
663 3935 701 4001 οἱς
716 3889 1013 4006 εἴρηκειίοιίίισδὲνης.
1034 3933 1202 3990 Situshuius

94 4007 138 4060 siu
149 4007 332 4072 (Exercitatt.
348 4006 438 4061 Solio.
473 4009 551 4070 ,baill
563 4022 627 4058 con·
664 4008 743 4059 urbis
757 4009 793 4059 ab
807 4007 936 4058 onruibus
950 4003 1139 4074 scriptoribus
1156 4021 1202 4058 eo-

96 4077 194 4128 iicitur
212 4089 262 4143 pro
280 4077 364 4144 νῆσος
374 4070 495 4146 Adparet,
514 4084 629 4129 utuunt
665 4076 728 4128 dem
743 4075 825 4127 modo
843 4073 1023 4138 describitur,
1042 4071 1078 4126 ci.
1097 4073 1153 4128 Cic.
1173 4075 1201 4125 in

95 4145 168 4212 apud
204 4144 349 4211 Scylacem
385 4145 505 4215 legitur,
546 4145 630 4214 νῆσος
664 4145 748 4198 Verr.
770 4145 819 4197 lV.
839 4143 970 4196 illinit:
996 4140 1122 4196 Phaselis
1141 4143 1202 4208 illa,

94 4211 249 4282 Λυρνιιτίοι,
271 4227 342 4282 quae
362 4220 456 4267 tamen
467 4214 630 4267 coniectura
665 4229 750 4332 poam
765 4212 841 4280 cepit
857 4211 975 4266 Publius
984 4209 1130 4276 Servilius,
1147 4227 1201 4262 non

96 4298 151 4335 non
170 4283 241 4336 satis
259 4283 547 4347 lirmuessevidetur,
567 4293 628 4334 curu
680 4289 763 4336 uerat
780 4281 846 4333 u'rbs
874 4288 939 4333 autc
965 4279 1082 4332 Cilicum
1107 4289 1201 4348 ⁴utque
