2852 4816
356 359 554 408 utecraat
575 329 905 422 annaoneorae·
1153 349 1192 414 tt
1248 421 1255 431 Α

7 577 8 582 ,
82 509 169 577 illud
190 511 340 593 mutarit,
370 521 507 576 testatur
527 507 706 575 Lucienus.
756 509 822 576 Sed
843 503 1025 596 Ionopolim
1047 507 1192 600 appellat

83 616 176 700 ipse:
198 609 402 697 rectiusque,
430 624 466 675 ut
487 601 625 680 ridetur.
672 608 745 674 Hoc
770 610 855 674 enim
885 609 1024 676 consilio
1052 612 1192 710 fortasse

83 735 202 778 nornen
234 711 316 777 illud
351 711 477 796 patriae
512 711 698 796 impetravit
725 706 934 790 Alexander,
967 723 1002 776 ut
1033 701 1192 797 originem

85 815 159 897 ejus
182 810 223 876 ab
246 809 381 876 ionibus
403 821 600 888 arcesseret,
623 811 677 897 qui
700 825 793 874 erant
814 812 912 908 etiarn
933 813 966 876 in
988 814 1105 879 minori
1132 813 1193 882 ille

82 913 168 978 Asia
184 910 398 979 celeberrimi.
443 909 541 974 Vixit
562 933 673 996 ergo.
662 909 837 997 Menippus
858 897 932 996 post
953 897 1191 995 Alexandrum,

84 1012 204 1078 saltem
232 1025 309 1100 post
338 1031 457 1074 norum
486 1009 568 1074 illud
598 1031 715 1074 nomen
742 1008 922 1096 Ionopolis.
974 1012 1040 1077 Sed
1068 1013 1193 1080 Abori·

85 1113 186 1178 teicbi
217 1114 348 1180 nornine
377 1121 538 1176 nauseat
567 1107 627 1174 sub
651 1109 750 1174 finem
779 1109 940 1176 Hadriani
967 1112 1168 1178 Arrianus'
1158 1137 1192 1179 ιιι
1241 1111 1246 1128 ’

6 1211 8 1217 ’
86 1211 217 1300 Periplo
240 1211 345 1276 Meris
365 1211 502 1275 Euxini.
544 1211 649 1276 Etiam
672 1209 733 1276 sub
755 1210 813 1276 Pio
833 1212 920 1276 idem
942 1233 1059 1294 nornen
1080 1217 1113 1280 in
1136 1238 1194 1283 nu·

85 1315 148 1380 mia
186 1311 374 1378 observavit
414 1313 742 1396 ιιιιιιιειιιιιιὶοιιὶιιιιιιι
781 1311 1014 1398 spanhemius.
1063 1314 1105 1378 Et
1131 1311 1194 1402 sub

85 1413 203 1478 Marco
225 1413 428 1498 potissimum
450 1409 599 1474 floruisse
620 1423 747 1476 constet
770 1410 862 1478 illum
884 1405 1106 1498 impostorem,
1129 1437 1192 1502 quo

87 1509 208 1599 eoepit'
227 1512 370 1578 Auctore
397 1532 482 1576 nova
514 1509 574 1576 illa
603 1513 729 1598 patriae
749 1509 848 1604 ¹illius
877 1510 1066 1598 appellatio.
1120 1515 1194 1582 lloo

87 1614 163 1678 inde
191 1611 399 1704 manifestum
427 1612 583 1697 estquod
605 1609 748 1676 Orecula
776 1609 869 1675 illius
890 1627 1046 1680 memoret
1075 1612 1193 1680 Lucia·

71 1735 150 1779 nus
172 1709 264 1778 nulla
285 1728 512 1800 praeterquam
534 1711 574 1774 de
596 1709 707 1792 rebus,
729 1732 810 1795 quae
831 1708 891 1777 illo
913 1712 1094 1798 Imperante
1117 1736 1194 1778 con·

86 1815 232 1900 tigerint.
275 1812 373 1877 Initio
402 1835 483 1878 mox
504 1809 596 1876 illius
626 1811 759 1898 Imperii
788 1812 893 1876 luisse
922 1813 1209 1880 verisimillimum

85 1927 137 1977 est
158 1913 333 1978 infaustum
355 1912 449 1978 illum
471 1907 632 1977 exitum'l
663 1913 833 1980 Severiani
863 1909 951 1978 Galli
973 1915 1006 1978 in
1028 1913 1199 1996 Armenia,

86 2016 142 2101 qui
164 2025 272 2092 ortum
300 2014 424 2079 dederit
447 2011 542 2078 Bello
563 2016 597 2077 in
618 2011 776 2092 Parthos,
811 2012 851 2078 tl'e
873 2036 936 2100 quo
960 2014 1139 2100 triumphos
1161 2031 1195 2080 et

85 2116 284 2202 cognomina
304 2116 471 2198 utriusque
494 2112 655 2198 Principis
680 2114 714 2176 in
743 2114 849 2178 numia
872 2112 1033 2202 legimus.=
1071 2117 1195 2183 Eodem

87 2214 271 2301 imperante
298 2215 400 2298 pestis
431 2227 519 2290 erat,
553 2212 593 2274 de
621 2232 685 2297 que
713 2233 856 2276 cressum
888 2213 1194 2302 Pseudoprophetas

88 2335 231 2380 errorem
258 2313 416 2376 deridetl
454 2311 631 2374 Lucienus.
696 2308 764 2374 Sub
801 2310 898 2376 linem
928 2313 1032 2378 Marci
1066 2313 1194 2380 Bellum

90 2428 161 2480 erat
182 2417 217 2478 in
238 2411 468 2476 Marcomanos
496 2409 600 2498 ipsum
624 2411 751 2498 quoque
766 2397 846 2495 'peri
867 2408 993 2476 falsarii
1015 2411 1196 2479 hallucine-

90 2519 180 2582 tione
201 2511 352 2598 similiter
374 2513 512 2598 insigne.
561 2510 668 2574 Etiam
699 2523 826 2598 tempus
857 2512 1040 2598 designat*
1076 2517 1197 2582 Lucia·

89 2639 163 2696 nus,
187 2636 249 2702 quo
272 2611 355 2678 benc
377 2613 514 2698 gratiam
537 2613 662 2696 patriae
683 2613 863 2696 impetrarit
883 2612 1093 2696 Alexander,
1122 2638 1195 2680 cum

91 2721 204 2788 unicua
226 2727 313 2778 esset
333 2716 366 2775 in
388 2710 528 2798 Imperio
547 2709 708 2798 Princeps.
751 2709 824 2776 Hoc
845 2733 904 2777 nos
926 2714 1196 2780 docenthciani
1285 2739 1290 2754 .
1372 2711 1374 2726 '

91 2814 206 2904 verba.
252 2799 310 2878 Ait
336 2813 421 2875 enirn
447 2808 633 2895 postulasse
668 2815 982 2896 praestigiatorem*
1018 2811 1107 2898 nupti
1134 2817 1195 2880 τοῦ

91 2911 341 3000 Αὐτοκράτορος
353 2909 647 2996 μετονομασθῆναι
665 2907 703 2976 τὸ
714 2907 868 2996 Ἀβώνου
882 2919 1000 2996 τεῖχος,
1020 2912 1075 2978 καὶ
1085 2909 1195 2978 'Iovi

90 3021 185 3084 πολιν
205 3016 374 3100 κληθῆναι.
417 3010 516 3076 Solus
538 3031 616 3096 ergo
640 3024 710 3077 erat
730 3013 765 3076 in
784 3011 925 3097 Imperio
948 3013 1099 3096 Marcus,
1123 3036 1195 3078 cum

91 3117 154 3182 boc
181 3114 374 3181 Alexandro
405 3113 615 3194 concederet,
651 3110 706 3178 vel
729 3110 910 3177 Alexandri
936 3113 1046 3199 potius
1076 3118 1128 3200 (ut
1147 3117 1196 3180 ri·

92 3217 199 3298 detur)
226 3227 362 3302 patrono
389 3211 567 3278 Rutilieno.
619 3211 815 3297 Certumque
842 3212 1006 3302 adeoflest
1032 3228 1108 3300 post
1138 3236 1196 3278 no·

92 3319 272 3406 nennium,
297 3335 360 3398 quo
382 3310 542 3400 collegam
563 3307 676 3378 hebuit
704 3313 739 3378 in
767 3309 907 3396 Imperio
932 3310 1071 3395 Verum,
1106 3312 1198 3400 elep-

93 3439 182 3497 sum,
205 3395 352 3479 bMarco
374 3409 436 3475 boc
456 3411 556 3475 luisse
576 3414 800 3497 impetratum,
833 3423 917 3496 post
911 3431 1047 3475 annum
1069 3412 1196 3476 scilicet

93 3519 199 3586 Aeree
221 3513 342 3582 Christ.
364 3523 515 3596 receptae
535 3533 634 3577 crxx.
656 3511 769 3575 Serius
790 3531 862 3575 esse
883 3513 999 3596 potuit,
1022 3509 1194 3576 dummodo

95 3631 169 3682 ante
192 3615 297 3681 Marci
318 3612 433 3678 saltent
451 3614 580 3676 exitum
601 3615 784 3698 contigerit.
826 3609 895 3677 Nec
919 3633 997 3678 sene
1019 3609 1138 3695 longe,
1160 3624 1196 3674 ut

95 3723 230 3806 opinor,
258 3739 280 3784 a
301 3739 377 3780 vera
400 3713 556 3798 Menippi
584 3727 690 3779 aetate
711 3710 875 3778 aberrabit
901 3709 981 3775 baec
1009 3723 1095 3774 nota.
1138 3710 1195 3776 Sic
1259 3695 1268 3720 ⁸

96 3821 180 3884 enirn
202 3814 346 3935 loquitur
364 3819 456 3904 quasi
478 3831 600 3898 nupera
615 3828 721 3897 esset,
743 3835 816 3878 cum
836 3810 993 3880 scriberet
1007 3809 1194 3898 Menippus,

95 3919 156 3986 ille
176 3920 341 3989 nominum
361 3909 519 3992 enotatio;
542 3917 636 4002 quasi
658 3915 798 3980 nondum
816 3909 972 3999 Ἀβώνου
990 3931 1115 3994 τειχονς
1137 3933 1195 3978 no·

164 4087 250 4157 illia.
270 4085 420 4156 Spenltent
437 4087 473 4142 de
488 4087 596 4142 Praeat
615 4083 750 4140 Nuntium}
786 4085 814 4150 2)
827 4082 946 4136 Lumen
963 4075 1103 4150 Ριοιιᾱ.[ι
1105 4081 1194 4136 6.’64
1280 4145 1282 4152 γ

95 4173 155 4228 ιιι.
202 4173 430 4238 etantanto.
458 4173 563 4242 utta
608 4166 973 4238 atterminatis.
1018 4167 1056 4244 ι)
1078 4166 1197 4222 tuerat.

98 4260 136 4312 ιι.
156 4275 182 4326 p.
199 4260 258 4312 tar.
969 4325 989 4382 2
