2846 4812
232 363 293 431 lta
497 357 760 420 MAPKIANOY
778 307 1080 420 arcamarcaa

233 559 309 598 oram
335 543 430 608 xvllr
457 543 496 596 M.
520 522 602 610 pass.
627 543 769 612 Agrippae
802 537 905 606 τανοῦο
920 539 1107 612 μιμησάμεναι
1122 537 1196 596 κατὰ
1212 537 1265 596 τὰν
1279 540 1341 594 ἴσον

234 613 390 668 Galliarum
414 613 489 663 inter
515 611 695 664 Rhenurnaet
714 611 768 678 Py·
804 613 878 678 σφοῖς
895 605 1094 678 ἠλευθέρωσαν
1111 607 1226 679 τρόπον,
1245 607 1342 678 lupar,-

235 696 387 742 renaeum,
422 689 506 747 alque
544 681 702 742 Oceanum,
737 693 770 730 ac
804 682 903 731 iocoue
920 675 970 746 μὲν
987 673 1053 740 τοῦς
1069 674 1222 762 Ῥωμαίους
1238 674 1339 747 ἄρχον

235 757 344 809 montes
360 748 524 802 Gabennam
543 755 573 800 et
591 751 692 808 luram,
710 748 771 815 ¹qui·
804 765 867 813 τας,
889 747 993 800 οἰκεῖον
1014 744 1045 800 δὲ
1062 765 1115 800 κατ
1140 743 1272 813 ἐξουσίαν
1292 764 1353 800 πο.

234 819 288 870 bus
298 812 527 870 Narbonnensenr
538 817 659 868 Galliam
672 818 769 868 exclu·
804 815 919 882 λλτευμα
935 815 1116 868 καθιστᾶσαν
1138 817 1254 882 Ρνοοομ,
1272 815 1340 866 bell.

223 883 279 938 'dit
314 886 517 954 longitudinem
554 885 698 936 CCCCXX
725 883 767 936 Μ.
803 877 1340 955 μονὴ.Ι.12;ἒτῦγχανυνδὲἌρβόρυχοτ

234 967 318 1023 pesa,
331 954 507 1006 latitudinem
518 953 680 1005 cccxvlll
696 967 769 1004 com·
803 949 865 1005 τότε
881 947 1024 1038 Ῥωμαίων
1045 955 1215 1018 στρατιῶται
1233 971 1340 1020 γεγενη-

236 1027 376 1092 pulnrit.“
397 1023 440 1074 De
457 1022 537 1074 rerbi
556 1021 770 1073 Aremorica
803 1015 893 1087 μένοι.
912 1038 962 1082 our
980 1015 1014 1088 δὴ
1029 1020 1170 1089 Γερμανοὶ
1186 1017 1341 1088 κατηκόους

236 1091 446 1211 arriana
464 1089 772 1210 azanium:
804 1081 1138 1210 {irrutilant
1154 1083 1341 1210 {lienis

216 1176 419 1280 ⁴stenfand.
431 1228 530 1277 Ortum
541 1226 772 1294 eninrestexlin-
803 1175 1030 1308 καξαμαλόνσας,
1061 1175 1238 1293 ποῗήσασξλαι
1270 1222 1340 1293 ἐληλ-

236 1298 419 1365 guaCeltica:
432 1310 470 1346 ar
483 1299 661 1345 estnostrum
676 1309 716 1344 an
735 1294 770 1343 si·
805 1293 884 1356 ζοντο
903 1310 932 1345 τε
951 1291 999 1344 καλ
1017 1294 1093 1345 nard
1132 1293 1156 1346 ελ
1180 1293 1339 1361 πολεμησελ·

236 1370 447 1430 ream,atque-
465 1377 538 1414 mor
555 1363 672 1414 idemao
689 1361 772 1420 mdr,
807 1377 884 1421 οντες
908 1355 951 1413 ἐπ’
972 1353 1076 1422 neironis
1117 1376 1191 1416 εσαν.
1230 1355 1340 1428 Populi,

189 1485 194 1493 ,
237 1434 329 1484 irland
349 1433 493 1482 τιταίνει
511 1445 614 1483 meer.
645 1432 688 1482 Ex
707 1429 773 1481 iulii
807 1430 855 1495 qui
874 1427 1042 1480 habitabant
1058 1430 1093 1480 ad
1112 1431 1263 1491 Oceanum,
1282 1429 1340 1480 soc·

237 1501 368 1554 Caesaris
391 1501 465 1550 libro
496 1499 531 1551 de
562 1499 638 1551 bello
663 1498 771 1567 gallico
807 1497 873 1548 dere
903 1505 1002 1548 contra
1026 1498 1168 1549 Romanos
1200 1498 1341 1548 coniuncti

238 1567 292 1620 hoc
319 1567 435 1620 verbum
459 1569 650 1634 cognorimus.
694 1567 773 1618 Dicit
805 1581 878 1626 ease,
898 1572 984 1634 atque
1000 1567 1078 1632 ipsos
1088 1582 1118 1618 sc
1133 1566 1291 1633 appellasse
1303 1569 1340 1616 ri-

127 1661 129 1666 ·
236 1639 312 1690 eninr
330 1637 379 1688 lib.
397 1636 458 1688 Vll.
477 1637 683 1702 idtciritatern
700 1644 772 1702 quae
807 1634 924 1700 dentur:
968 1634 1142 1686 civitatis
1184 1636 1340 1686 Armori-

168 1759 169 1762 ,
239 1707 384 1758 Oceanum
405 1705 558 1772 attingunt,
581 1719 708 1772 quaeque
726 1717 771 1754 eo·
808 1703 1341 1770 cae-QuoautemtemporeGer-

239 1789 299 1826 rum
328 1775 534 1826 consuetudine
558 1773 772 1823 Armoricae
809 1773 928 1822 mania
969 1772 1147 1838 superior
1188 1777 1217 1823 et
1252 1771 1341 1828 infe·

239 1842 430 1910 appellantur,
451 1855 507 1908 quo
526 1841 636 1892 suntin
656 1853 772 1890 numero
808 1841 906 1906 rior,
928 1839 1000 1890 citra
1018 1837 1147 1892 Rhenum
1166 1845 1252 1906 atque
1269 1842 1342 1892 inter

239 1910 435 1971 Coriosolites,
449 1909 608 1969 Rhedones‚
622 1907 774 1966 Ambibari,
809 1903 881 1956 hunc
912 1903 1026 1957 durium
1058 1912 1086 1958 et
1119 1906 1245 1960 Scaldim
1280 1910 1343 1968 sita,

239 1979 360 2040 Caletes,
380 1978 505 2039 Osismii,
527 1977 701 2034 Lemovices,
719 1975 775 2026 Ve-
809 1974 966 2026 constituta
977 1976 1023 2036 sit,
1039 1975 1186 2027 nescimus.
1201 1975 1256 2027 Dio
1267 1977 1341 2028 Cass.

239 2047 317 2106 nen,
335 2047 437 2097 ulan.
474 2045 578 2095 lterum
605 2043 654 2094 na.
673 2043 707 2096 v.
728 2043 774 2094 aa:
809 2041 884 2096 [λιι.
903 2044 948 2093 12:
973 2045 1026 2096 τοο
1044 2041 1075 2096 οὲ
1095 2039 1130 2110 δὴ
1149 2035 1343 2113 Kalamai}

240 2117 346 2166 certior
365 2120 409 2164 est
426 2111 526 2175 factus,
544 2127 661 2180 magnas
678 2110 775 2162 Gallo·
801 2128 838 2162 τε
860 2105 943 2180 idam}
960 2105 1079 2197 Ἰβηρλα,
1103 2107 1121 2181 ἦ
1138 2130 1167 2164 τε
1185 2113 1253 2181 περὶ
1273 2111 1342 2180 Ταρ-

239 2197 301 2234 rum
313 2183 410 2249 copias
422 2196 518 2233 earum
532 2181 686 2242 civitatum,
702 2193 775 2247 quae
810 2175 931 2247 ῥάκωνα,
946 2179 994 2232 καλ
1010 2179 1216 2248 ηΛουσιτανία,
1235 2179 1284 2234 καὶ
1293 2185 1343 2234 Γα-

241 2251 451 2308 Armoricae
467 2249 654 2316 appellantur,
670 2263 775 2316 oppug·
809 2242 891 2300 λῦπαι
913 2244 1029 2311 πάντες,
1054 2249 1128 2302 οἵτε
1145 2245 1342 2318 Ναρβωνήσιοι

240 2315 328 2371 nandi
345 2319 388 2368 aui
407 2333 491 2369 causa
509 2319 683 2370 convenisse.
710 2317 774 2369 Lib.
809 2316 857 2368 καλ
881 2314 909 2367 oi
927 2313 1167 2386 Λουγδουνήσιοι,
1191 2311 1343 2371 Ἀκυϊτανολ

239 2389 275 2442 ll.
295 2385 330 2440 34
350 2387 435 2438 dicit:
453 2387 488 2438 ad
501 2387 633 2449 Venetos,
649 2385 775 2447 Unellos,
809 2401 838 2435 τε
856 2383 904 2436 καὶ
921 2385 1069 2452 Κελτικοὶ,
1094 2379 1178 2438 αῦτοί
1203 2403 1232 2438 τε
1251 2383 1342 2438 καλοὶ

242 2455 393 2518 Osismios,
413 2455 612 2515 Curiosolitas‚
632 2453 775 2514 Securius,
810 2446 926 2504 ἄποικοι
947 2454 1034 2518 σφοῦν.
1060 2449 1341 2522 attemptantes,

190 2515 193 2528 '
241 2525 392 2583 Aulercos,
418 2519 584 2584 Riedones,
613 2537 684 2590 quae
710 2529 777 2572 sunt
811 2511 860 2581 οῦς
880 2515 918 2602 ἂνξ
938 2516 1097 2588 Γερμανοῦς
1120 2523 1275 2588 καλοῦμεν,
1295 2523 1342 2573 πᾶ·

186 2644 187 2650 ,
241 2591 451 2644 maritimae
472 2591 603 2642 civitates
622 2591 773 2658 Oceanum·
812 2603 864 2641 σαν
888 2605 939 2654 την
962 2582 1034 2654 πρὸς
1050 2591 1090 2658 τῷ
1108 2584 1192 2656 Ῥήνου
1211 2584 1343 2658 Κελτικὴν

242 2675 297 2726 que
312 2659 466 2724 attingunt.
483 2659 622 2709 armori
633 2673 693 2708 cae
712 2657 778 2706 ciri·
810 2669 899 2707 κατασ
916 2650 1008 2721 ὄντες,
1033 2641 1193 2723 Γερμανίαν
1217 2651 1342 2725 ὀνομαζε·

243 2732 318 2778 tates
346 2726 492 2786 dicuntur,
517 2741 588 2793 quae
613 2731 679 2776 sunt
702 2724 777 2775 inter
812 2673 1050 2790 σθαιᾷποίησαν,
1069 2719 1120 2792 τὴν
1135 2723 1185 2793 μὲν
1203 2720 1279 2791 ἅνω,
1298 2721 1343 2810 τήν

243 2793 343 2844 fluvios
356 2792 515 2860 Sequanam
529 2801 558 2844 et
569 2793 703 2861 Ligerim.
724 2795 776 2843 Au·
810 2785 880 2857 perd
898 2785 948 2850 τοὶς
964 2793 1017 2844 τοῦ
1030 2796 1160 2859 ποταμοῦ
1173 2793 1280 2880 κημοῖς·
1299 2811 1344 2862 την

243 2864 339 2914 nonius
364 2865 418 2928 (ep.
440 2862 488 2911 lX.
513 2863 554 2914 35.
574 2861 619 2924 36)
645 2861 777 2912 distinxit
813 2853 843 2911 δὲ
866 2854 955 2917 κάτω,
982 2855 1031 2927 τὴν
1047 2857 1127 2929 μέχρι
1146 2861 1198 2914 τοῦ
1218 2861 1344 2914 Ωκεανοῦ

244 2931 378 2984 Pictones
397 2930 589 2996 Santonesquc
612 2928 646 2980 ab
665 2931 778 2980 dremo-
811 2927 865 2978 τοῦ
883 2918 1189 2993 Βρεττανικοῦοῦσαν.
1227 2929 1342 2982 Ptolem.

243 3000 321 3060 rica,
346 2995 417 3048 roni.
443 2996 528 3047 ctiam
553 2998 613 3048 eius
637 3011 722 3047 carm.
741 2995 776 3048 X.
812 2996 1002 3062 gengrlllir
1022 2999 1070 3066 τῆς
1087 2991 1167 3065 παρὰ
1185 2991 1236 3050 τὸν
1251 2993 1344 3068 Ῥῆνον

246 3067 281 3119 de
309 3064 380 3132 proi.
412 3063 559 3133 Burdigal.
593 3066 634 3116 al.
669 3065 778 3116 Deinde
811 3058 919 3130 χώρας,
943 3058 962 3129 η’
984 3061 1034 3131 μὲν
1058 3058 1115 3118 οἷπὸ
1138 3063 1285 3128 θαλάσσας
1303 3062 1344 3133 με’-

244 3134 331 3186 Rutil.
358 3132 518 3184 Nunratian.
546 3133 610 3186 ltin.
642 3132 691 3184 lib.
718 3131 777 3185 213.
811 3147 857 3198 χρι
875 3131 927 3183 τοῦ
942 3124 1076 3201 Ὀβρλγγοτ
1093 3136 1232 3203 ποταμοῦ,
1258 3138 1344 3188 καλεῖ-

245 3201 341 3254 Sidon.
366 3201 488 3268 apollin.
514 3203 605 3254 Caum.
630 3201 696 3254 vll.
717 3200 777 3253 369.
812 3216 859 3250 ται
877 3202 1020 3265 Γερμανία
1045 3196 1173 3267 ήκοὶτω·
1197 3198 1216 3274 ἦ
1240 3201 1272 3255 di
1290 3196 1343 3256 α’πό

244 3271 434 3337 545.Eutrup.
452 3270 497 3322 lX.
513 3273 544 3320 21
563 3277 777 3322 commemorat:
812 3268 865 3318 τοῦ
885 3260 1019 3336 Ὀβρίγγα
1049 3273 1179 3338 ποταμοῦ
1205 3266 1278 3339 πρὸς
1304 3289 1345 3340 με·

244 3347 366 3392 tractum
391 3338 526 3406 Belgicae
551 3347 580 3390 et
604 3339 777 3390 Armoricae.
813 3334 966 3401 σημβρίαν,
1004 3339 1129 3390 καλεῖται
1155 3340 1301 3407 Γερμανία
1330 3334 1345 3406 ἡ

214 3454 215 3458 ,
245 3410 276 3460 ln
296 3409 405 3461 Notitia
429 3407 578 3475 utriusque
597 3407 709 3474 lnrperii
731 3405 777 3458 ha·
812 3397 879 3454 ἅνω.
932 3403 1154 3458 Germaniam
1191 3417 1345 3476 utramque,

244 3480 309 3530 lies:
328 3478 371 3528 Dc
387 3475 458 3526 duce
473 3474 777 3526 tractusrirmoricanir
813 3472 1046 3536 superiorem
1064 3480 1092 3526 et
1109 3474 1344 3536 inferiorem,

244 3546 400 3598 lornandea
425 3544 459 3593 de
485 3546 543 3597 reb.
570 3545 634 3596 Get.
661 3545 708 3595 36:
736 3541 778 3594 his
812 3542 1140 3594 commemorat'l'acitus
1159 3541 1225 3594 hist.
1242 3544 1344 3608 limi,

245 3614 403 3682 (Romanisl
428 3613 500 3662 enirn
524 3611 640 3663 adfuere
659 3611 779 3662 auxilia·
813 3607 886 3660 coni.
908 3609 928 3660 l.
950 3610 990 3662 12.
1012 3611 1055 3662 5⁰.
1073 3609 1115 3660 53.
1135 3611 1230 3664 annal.
1252 3613 1345 3665 lllAl.

245 3698 293 3735 res
311 3681 420 3741 Franci,
439 3680 595 3741 Sarmatae,
610 3680 779 3730 Arnroricia·
814 3675 863 3728 lV.
884 3677 927 3728 ii.
946 3677 995 3729 Xl.
1016 3679 1057 3729 18.
1076 3675 1141 3732 hist.
1161 3681 1183 3733 l.
1201 3680 1290 3738 9.,52.
1307 3682 1344 3733 55.

245 3745 779 3818 ni,Liticinni,Burgundiones,Sa·
814 3745 937 3796 Eandem
976 3751 1083 3798 terram
1126 3747 1196 3800 dicit
1237 3764 1345 3818 quoque

245 3816 778 3884 xones,lliparii‚Olibriones,quon·
814 3813 1057 3865 Germaniam·
1097 3815 1157 3868 sive
1210 3816 1346 3869 Germa·

248 3886 311 3937 dam
337 3887 443 3938 milites
463 3886 596 3946 Romani,
621 3892 687 3935 tunc
709 3897 778 3934 vero
812 3882 908 3946 nias,
936 3881 1081 3936 V..annal.
1107 3885 1135 3950 1.Ι
1147 3884 1190 3944 46.
1209 3885 1254 3938 tr.
1282 3885 1344 3938 hist.

246 3953 304 4005 iarn
321 3953 351 4004 in
367 3969 482 4006 numero
498 3953 715 4006 auxiliariorum
734 3967 778 4003 ex·
813 3950 835 4001 l.
853 3952 897 4003 ¹15.
921 3949 972 4003 lv.
1001 3952 1047 4014 15;
1075 3961 1225 4019 praeterea
1252 3954 1288 4006 ab
1313 3969 1344 4007 eo

247 4021 344 4094 quiriti
369 4021 499 4090 aliaeque
522 4022 673 4074 nonnullae
693 4020 779 4072 Celti·
813 4025 1080 4070 commemorantur:
1116 4019 1213 4073 Gallia
1240 4031 1346 4075 comata

247 4107 298 4144 cae
312 4089 357 4142 rel
371 4089 554 4142 Germanicae
568 4092 707 4152 nationes.
727 4089 779 4140 Zo-
814 4088 872 4138 sive
889 4086 985 4138 Gallia
1001 4085 1211 4154 Narbonensis3
1231 4090 1344 4142 Provin-

246 4157 372 4214 simvl.
389 4158 418 4209 5:
437 4159 486 4210 καὶ
503 4152 556 4218 d'A
573 4155 690 4228 μόριχος
706 4149 781 4220 ἅπας
815 4156 859 4206 cia
877 4155 1147 4210 Narbonensis'sive
1166 4157 1261 4211 Gallia
1278 4159 1344 4211 Nar·

247 4229 295 4285 καλ
312 4223 547 4294 &carpocratianis
558 4179 781 4308 {nappinchsr-
813 4222 962 4294 bonensis,
986 4225 1137 4294 Aquitania
1154 4229 1215 4280 sive
1233 4227 1344 4280 Prorin·
