2846 4812
1245 169 1254 208 ·

243 364 304 426 rao
451 360 742 421 arnaraanoz
759 359 867 420 uror
887 358 1146 458 narrnnorz
1183 336 1186 341 ’

244 546 302 626 ἔχει
321 544 354 608 ἐν
375 547 413 626 τῇ
434 541 528 625 ι’ίμμμ
545 541 594 606 sui
609 543 662 622 ‘tet
680 537 836 621 θαλάσσης
852 526 1010 607 σιιδττελον.
1030 539 1103 606 ’Λπδ
1120 539 1338 621 Αίνησισφδρος

243 646 286 719 είς
298 639 523 726 Κοιτοιβαθμδν1
541 646 622 708 σταδ.
642 641 695 726 ρκ’.
718 636 801 724 χοίρα
821 639 902 703 ἐστὶν
921 640 1045 723 ὑψηλή·
1068 639 1160 722 λιμήν
1181 640 1241 705 ἐστι
1262 637 1338 704 acici

203 755 206 768 ’
243 741 362 825 ἅνίμρδ·
384 739 467 822 ὕδωρ
490 744 548 824 ἔχει
571 744 605 808 ἐν
619 749 657 827 τῇ
670 739 777 825 πρώτῃ
792 746 875 825 cusp*
892 741 937 818 εἰς
949 738 983 806 sd
1006 739 1085 824 πρὸς
1096 738 1189 805 νότον
1201 739 1297 822 μέρος,
1314 739 1339 802 ἐν
1406 791 1407 810 ,

242 845 285 924 τῷ
305 841 443 924 φρουρίῳ
465 841 603 925 δμβριον.
624 839 697 906 Ἀπδ
710 843 921 922 Καταβαθμοῦ
937 841 980 916 εἰς
996 838 1186 923 ΠεροίοντοιΒ
1203 839 1282 904 σταδ.
1294 833 1339 919 ρι’.

150 967 156 976 ·
243 935 454 1024 παραπλεύσας
475 934 516 1017 oie
533 944 673 1018 σταδίους
692 939 715 1004 λ’
742 938 816 1019 dues
833 941 1101 1022 παρεμφαίνουσαν
1115 934 1342 1022 δίαρανδψηλὴν

142 1073 147 1088 ·
243 1041 294 1105 καί
322 1038 472 1126 μεγάλην·
495 1041 558 1106 κατ’
579 1040 676 1124 αὐτὴν
704 1040 777 1120 ὄψει
805 1041 849 1114 είς
879 1037 974 1103 σάλον
1001 1038 1053 1104 sci
1074 1039 1184 1120 λίμνην
1204 1038 1339 1122 μεγάλην·
1407 1085 1408 1098 .

244 1140 277 1204 ἐκ
297 1140 331 1206 δὲ
351 1146 412 1204 τῶν
427 1139 592 1224 ευόινῦμοιν
607 1141 816 1226 χειροποίητος
827 1137 922 1221 ὅρμος
943 1138 1040 1202 λστδν·
1064 1138 1124 1220 ἔχει
1143 1137 1177 1202 δὲ
1198 1135 1280 1219 ὕδωρ
1300 1137 1340 1202 ἐπὶ

243 1237 310 1322 cdvi
326 1238 438 1321 cousin·
476 1237 525 1305 διδ
554 1242 606 1306 οιαὶ
634 1241 652 1306 δ
679 1238 775 1314 τόπος
796 1235 881 1319 Συιιὴ
905 1244 1054 1309 καλεῖται..
1104 1240 1246 1310 Γίνονται
1274 1236 1341 1321 δμοδ

243 1337 304 1406 α’πδ
325 1339 546 1422 Ἀλεξανδρείας
565 1343 623 1418 ἕως
644 1338 820 1422 Περᾶοντος
840 1337 911 1420 ἤτοι
930 1343 1034 1420 Συκῆς
1055 1336 1171 1404 στάδιοι
1196 1333 1257 1423 μδ.

244 1593 333 1632 arena
359 1583 388 1631 et
414 1574 451 1631 sd
477 1592 556 1630 marc
576 1576 745 1648 scopulum.⁴
774 1573 817 1631 Ab
838 1571 1056 1650 Aenesispbyra
1074 1571 1109 1629 ad
1130 1571 1340 1630 Catabathmon

198 1703 201 1708 .
245 1650 338 1708 stadia
360 1652 424 1708 120.
451 1649 505 1706 Est
524 1659 603 1706 terro
623 1652 690 1706 alta.
716 1648 822 1707 Portus
842 1659 922 1706 tutos
943 1659 1073 1724 praestat
1092 1667 1182 1706 noves
1202 1649 1238 1705 ab
1259 1648 1340 1704 omni-

244 1726 297 1783 bus
323 1728 428 1784 ventis.
468 1727 580 1801 Aquam
605 1724 692 1783 babet
719 1727 750 1782 in
777 1726 871 1801 prima
897 1725 1028 1782 convalle
1056 1723 1093 1782 ad
1116 1724 1269 1782 meridiem
1286 1742 1339 1781 vor·
1409 1743 1410 1770 ι

265 1813 342 1874 ente,
363 1804 394 1858 in
414 1803 534 1862 castello
554 1804 689 1876 pluviam.
715 1801 738 1858 Α
757 1799 947 1857 Catabathmo
967 1799 1003 1857 ad
1016 1799 1162 1858 Perconta
1181 1799 1278 1857 nodia
1290 1799 1339 1856 15⁰.

243 1822 466 1938 iroetervectus
505 1879 624 1933 circiter
655 1878 780 1954 triginta
812 1876 907 1932 stadia
934 1877 1150 1952 conspicaberis
1184 1885 1341 1950 promonto-

242 1957 318 2013 rium
334 1957 424 2011 altunt
438 1963 467 2010 et
485 1971 633 2030 magnum,
660 1950 737 2027 quod
758 1961 915 2027 comparet.
938 1950 1033 2026 Super
1048 1971 1082 2009 eo
1098 1951 1243 2028 despicies
1258 1953 1289 2008 in
1304 1969 1341 2006 sa·

242 2033 303 2087 lum
322 2039 352 2086 et
370 2047 508 2105 magnum
525 2031 629 2084 lacum.
650 2028 673 2083 A
695 2029 814 2084 sinistra
834 2025 931 2084 autem
952 2036 997 2082 est
1017 2039 1119 2102 portus
1140 2045 1226 2084 niano
1248 2027 1340 2083 factus.

242 2103 339 2163 Habet
358 2114 456 2160 autem
475 2121 579 2178 aquam
599 2113 719 2179 propter
738 2102 835 2174 ficum,
856 2112 1033 2179 quapropter
1054 2107 1134 2161 locus
1156 2103 1247 2160 etiam
1266 2103 1344 2172 Ficus„

242 2182 412 2256 appellatur.
453 2178 597 2237 Universa
633 2179 727 2240 stadia
756 2179 792 2238 ab
818 2178 999 2238 Alexandria
1033 2199 1124 2256 usquc
1150 2179 1187 2237 ad
1207 2177 1341 2236 Peraonta

242 2258 303 2314 sive
324 2255 425 2314 Ficum
447 2265 517 2312 sunt
539 2257 620 2314 1200.

199 2503 202 2508 ·
244 2484 363 2537 eandem
412 2485 533 2536 insolam
572 2481 725 2551 Αἰνησίσφο
746 2500 781 2536 αν
813 2497 906 2544 nem,
941 2488 971 2536 et
998 2497 1153 2550 anonymus
1186 2482 1247 2550 ipse
1276 2479 1341 2534 inira

245 2553 368 2621 appellet
390 2559 419 2603 et
440 2552 475 2604 ad
495 2551 712 2611 similitudinem
728 2501 780 2602 bu·
815 2547 987 2622 dicitvoimp
1010 2553 1151 2614 Quocirca
1169 2552 1192 2602 si
1211 2552 1341 2618 scriptore

244 2622 288 2672 ius
307 2621 430 2670 nominis
448 2622 532 2674 etiam
554 2636 712 2686 anonymus
734 2635 780 2671 no·
814 2614 909 2704 dunis}
926 2635 993 2670 vera
1012 2628 1070 2683 est,
1096 2628 1209 2687 oportet
1233 2619 1341 2671 verbum

243 2694 304 2740 ster
329 2689 462 2750 accedat,
487 2690 600 2740 videtur
625 2689 660 2740 ob
690 2688 780 2739 edito·
814 2683 1340 2758 dpntnsignificareadscendens:cine

244 2757 322 2810 ribus
361 2755 508 2808 Strabonis
543 2759 605 2810 iure
640 2763 669 2808 et
703 2762 781 2808 recte
815 2755 1013 2826 auisteigende
1028 2757 1150 2823 (scilicet
1163 2757 1199 2808 ab
1210 2753 1341 2825 Aegypto)

244 2827 385 2891 scriptura
415 2825 607 2894 Αίνηοίσφυρα
646 2827 781 2877 restituta
815 2825 928 2876 Ebene„
958 2825 1194 2892 insequentibus
1219 2840 1276 2876 noo
1301 2837 1341 2890 pu·

243 2908 313 2946 esso.
815 2893 873 2943 tavi
901 2885 985 2961 ὕδωρ
1021 2893 1246 2962 coniungeodunr
1286 2904 1339 2944 esse

281 2963 308 3021 l)
342 2961 374 3011 ln
410 2959 573 3029 apographo
611 2959 684 3011 falso
721 2969 780 3012 ests
814 2976 877 3012 cum
890 2955 1018 3032 ὄμβριον,
1035 2961 1136 3023 sed,ut
1149 2960 1339 3030 interpretatio

245 3023 455 3095 Καταβᾶδλιον.
485 3028 527 3078 Ad
553 3027 710 3096 hocusque
732 3044 780 3094 op·
815 3029 907 3090 docet,
926 3030 1123 3081 duomembra
1142 3043 1214 3081 esse.

245 3095 338 3164 pidum
359 3096 481 3160 porrecti
506 3096 676 3150 erant.fines
698 3097 779 3164 regni
810 3109 815 3118 ·
848 3100 875 3160 2)
894 3097 966 3150 Num
987 3094 1136 3163 Περοίουτα
1163 3105 1274 3150 rectum
1301 3096 1339 3156 sit,

244 3163 383 3232 aegyptii.
438 3164 506 3215 Post
538 3165 567 3215 id
599 3171 680 3216 erant
711 3163 779 3216 fines
813 3165 928 3217 videtur
959 3166 1044 3217 valde
1070 3166 1256 3218 dubitandum
1281 3177 1339 3220 esso,

242 3234 306 3301 agri
324 3232 476 3299 cyrenaici.
513 3232 603 3284 Porro
628 3229 779 3285 catabatb·
813 3235 981 3300 praesertim
1001 3249 1087 3301 quum
1104 3233 1180 3285 infra
1197 3237 1339 3286 scribatur:

243 3315 303 3352 mus
327 3306 388 3352 erat
411 3300 475 3351 finis
495 3299 606 3354 Africae
633 3310 662 3354 et
686 3303 778 3354 osiae.
813 3298 979 3369 περειίοντος
1009 3303 1110 3371 Συκῆς.
1146 3303 1243 3356 Facile
1275 3303 1340 3354 esset

244 3369 287 3422 Cf.
306 3367 398 3421 Strab.
420 3371 518 3432 xvir,
538 3387 562 3437 p.
582 3370 655 3423 1195.
676 3369 778 3437 Polyb.
813 3371 975 3440 emendare,
999 3373 1023 3422 si
1046 3373 1122 3423 idem
1146 3371 1227 3423 locus
1243 3367 1339 3456 signid-

244 3438 347 3515 XXXi,
367 3439 409 3490 ut.
429 3438 502 3500 Plio,
521 3439 555 3503 V,
575 3441 598 3492 5.
619 3438 696 3492 Mela
714 3439 736 3500 l,
752 3440 777 3490 8.
813 3445 949 3502 caretur,
982 3441 1030 3506 qui
1055 3448 1072 3491 a
1098 3439 1218 3505 Scylace
1239 3441 1339 3504 nacae

245 3505 314 3560 Sall.
341 3505 402 3574 lug.
428 3523 451 3558 e.
480 3507 518 3560 19.
567 3508 649 3579 Quod
684 3514 777 3558 antem
814 3506 937 3574 dicitur,
972 3509 1021 3575 qui
1053 3515 1146 3560 tamen
1179 3509 1242 3574 ipse
1270 3509 1338 3559 locus

242 3590 399 3640 anonymus
434 3575 539 3636 addit‚·
564 3574 777 3628 Catabathmum
813 3589 874 3626 oum
912 3573 988 3626 infra
1029 3583 1265 3628 commemoretur
1299 3585 1338 3624 no·

243 3643 330 3695 fuisse
350 3658 475 3709 canipunr
494 3643 617 3706 editum,
642 3645 669 3696 id
689 3658 778 3711 neque
813 3643 888 3696 mine
914 3639 1102 3711 Περεοίοντος,
1127 3646 1175 3695 rix
1200 3639 1338 3712 potestis

244 3727 305 3763 curn
324 3713 434 3763 nomine
451 3711 523 3778 ipso,
543 3713 615 3780 qood
635 3713 777 3765 descen·
812 3709 944 3763 hocloco
963 3714 998 3764 ab
1020 3727 1161 3778 anonymo
1181 3721 1336 3766 commemo·

243 3795 317 3830 suns
336 3781 359 3830 si
382 3781 486 3847 nificat,
509 3797 601 3848 neque
623 3797 685 3832 cuni
705 3788 778 3831 cete·
811 3785 890 3832 ratos
908 3797 978 3843 esse,
998 3782 1053 3832 nisi
1070 3781 1145 3832 forte
1164 3783 1239 3833 ratio
1257 3778 1336 3846 regiu-

243 3848 488 3969 ibssibddss'd
506 3851 778 3988 iiivibitnqiib
810 3849 1335 3985 tiburtinus?‘'titt“titt

170 4017 179 4042 s
244 3982 328 4053 quod,
351 3984 517 4038 vocabulum
550 3985 776 4037 substituendum
811 4001 892 4054 quam
912 3987 1038 4038 odiosius
1057 4001 1135 4047 esse,
1158 3983 1334 4054 quamscrip·

243 4059 295 4104 est.
332 4051 404 4104 Nam
427 4053 517 4106 Mela.
533 4056 596 4106 ioco
620 4060 775 4106 mensurato
811 4061 902 4106 torem
921 4055 1023 4122 edere,
1040 4055 1089 4122 qui
1106 4061 1163 4105 tons
1182 4055 1334 4122 praeposte-

243 4118 456 4174 catabathmum
479 4123 616 4175 vallent
636 4122 706 4173 dicit
724 4121 776 4174 de·
810 4137 859 4174 rus
883 4138 918 4174 ec
949 4125 1131 4191 perturbatus
1159 4121 1189 4174 in
1216 4119 1333 4175 oninibut

243 4205 365 4242 sexam
384 4190 419 4240 in
438 4191 650 4259 Aegyptum,
668 4197 699 4242 et
716 4185 782 4242 Sal·'
809 4190 847 4240 sit
871 4189 974 4244 rebus?
1012 4191 1178 4246 Addidinrus
1196 4187 1259 4259 ἤτοι
1275 4191 1333 4238 ante

244 4258 345 4310 iustius
387 4257 570 4312 declivem
603 4258 775 4312 latitudi·
809 4259 910 4326 Συκῆς.
1267 4286 1273 4298 «
