2872 4814
339 396 426 454 ΤΗΣ
453 372 677 454 Mamur
703 390 946 454 onustans
1142 398 1205 462 eoo

84 603 111 640 ν.
142 577 201 657 ἔχει
223 573 314 640 πόλιν
334 576 385 640 nul
415 576 528 658 λιμένα.
570 574 644 640 Ἀιιό
669 578 816 656 Φοινίκης
840 577 883 651 είς
911 577 1047 660 Τοίῤῥονι
1074 581 1155 642 atad.
1179 584 1204 655 ξ.

41 672 44 676 ’
85 676 174 750 πόλις
209 674 300 758 μικροί
323 676 418 740 ἐστιν·
449 676 508 756 ἔχει
534 674 640 758 ὅρμον.
683 672 755 739 nni
783 676 905 760 Τοίῤῥου
934 681 977 752 εἰς
1001 677 1205 744 Ποικιλιισσόν

88 778 169 839 acad.
188 773 344 852 ξίῖοιόίις
373 774 434 839 ἐστὶ
461 775 512 838 καί
535 773 632 857 ὅρμον
654 773 712 855 ἔχει
733 773 783 838 καί
803 774 897 858 ὕδωρ.
941 776 1015 842 'Arni
1042 784 1204 844 Ποικιίοισ-
1242 863 1245 873 1

86 983 118 1030 et
136 985 265 1048 portum.
306 974 333 1030 A
352 972 498 1030 Phoenice
518 973 555 1030 ad
575 973 718 1031 'l'arrlram
739 972 813 1030 stad.
833 975 880 1030 oo.
918 975 1065 1050 Oppidum
1085 997 1208 1054 parrum

85 1061 140 1106 est.
175 1048 286 1105 'Habet
322 1051 418 1106 locum
445 1049 622 1126 appellendi.
668 1050 693 1106 Α
723 1046 838 1105 Tarrha
865 1049 900 1105 ad
928 1050 1119 1126 Poecilasson
1147 1065 1207 1112 sta-

85 1125 134 1180 dia
153 1125 199 1180 60.
238 1123 315 1180 Urbs
343 1135 388 1180 est
414 1135 444 1181 et
471 1128 569 1182 locum
589 1144 605 1180 a
626 1123 757 1199 pellendi
777 1124 865 1180 habet
885 1136 913 1182 et
934 1146 1046 1200 aquaem.
1087 1129 1207 1187 APoe-

87 1201 196 1256 cilasso
213 1200 250 1256 ad
270 1198 371 1278 Syiem
389 1199 483 1257 stadia
503 1200 548 1258 50.
618 1200 666 1257 rbs
687 1209 732 1256 est
754 1210 783 1257 et
802 1211 919 1276 portum
939 1202 1026 1258 habet
1045 1223 1206 1282 peroppor-

84 1409 169 1462 supra
193 1411 273 1463 quem
298 1395 393 1462 aliquo
418 1394 512 1460 spatio
536 1393 629 1459 posita
665 1392 775 1443 omissis
803 1393 933 1460 reliquiis
958 1412 1019 1447 cum
1047 1396 1112 1449 huic
1136 1401 1208 1466 peri-

85 1464 153 1515 urbs
171 1462 236 1516 tuit.
272 1462 455 1528 AStephnuo
475 1462 542 1511 urbs
562 1476 629 1528 quo·
664 1461 1206 1527 plo,inquotanieuillcvirdoctusul·
1306 1513 1310 1518 .

86 1547 141 1599 que
151 1531 308 1584 Phoenicus
319 1532 431 1581 dicitur.
442 1530 511 1580 Cum
520 1527 573 1579 hoc
584 1545 629 1595 pe·
665 1531 719 1580 lam
728 1544 790 1578 esse
801 1533 999 1584 auctoritatem
1014 1538 1138 1602 negavit,
1147 1544 1209 1588 turn

84 1601 159 1666 riplo
177 1599 280 1651 Strabo
295 1599 443 1660 consentit,
458 1613 474 1648 a
492 1597 531 1664 ¹ud
547 1613 630 1664 quem
663 1612 730 1648 vero
750 1597 926 1660 Ptolemaeo,
944 1601 1084 1654 'Parrham
1102 1603 1131 1654 in
1150 1620 1208 1656 rna-

86 1670 195 1719 sicest:
214 1661 631 1733 Τόδὲένθενίσθμοςέσιινοὶς
665 1666 767 1716 ritimis
792 1666 864 1716 loeis
890 1668 1045 1733 referenti,
1071 1687 1127 1723 non
1146 1679 1222 1725 erat·

87 1732 188 1788 ἔνοιτὸν
216 1736 354 1802 σταδίων,
389 1732 458 1802 ἔχων
484 1725 631 1786 κοιίοικίοιν
664 1738 893 1788 consentaneum.
916 1737 958 1788 De
977 1739 1035 1790 illis
1053 1747 1145 1792 autern
1164 1757 1208 1793 re·

85 1799 158 1869 νίρὸς
177 1800 226 1870 μὲν
243 1807 278 1874 τῇ
295 1802 396 1872 βορείῳ
429 1799 559 1871 θαλάττῃ
576 1805 630 1867 Ap·
663 1802 760 1869 liquiis
795 1801 949 1855 'l'arrhacis
978 1807 1208 1872 Buoudclmonti,

85 1873 234 1939 φίμοιίλον·
252 1868 325 1940 πρὸς
343 1867 373 1924 δὲ
399 1873 435 1941 νῇ
451 1870 545 1939 νοτίῳ,
564 1869 628 1922 Φοί·
663 1870 796 1922 sacerdos
820 1875 963 1934 etruscus,
996 1879 1043 1942 qui
1071 1886 1208 1943 quattuor

84 1933 150 1992 νὶιιοι
167 1942 224 1994 τοῖν
242 1938 392 1994 Λοιππέων.
428 1941 563 1991 Mensura
585 1953 629 1991 re·
664 1937 767 1990 abhinc
801 1940 922 1992 saeculis
952 1943 1063 1995 Cretam
1090 1945 1207 1998 Venetis

86 2016 132 2059 cta
153 2017 206 2060 est.
314 2015 318 2023 '
665 2007 876 2058 dominantibus
913 2015 1094 2080 peragrarit,
1137 2013 1207 2066 haec

118 2080 147 2136 'lp
189 2077 270 2128 llaec
299 2075 393 2126 insula
422 2089 439 2125 a
467 2073 629 2125 Ptolemaeo
665 2075 955 2141 scripsit:‘‚,Portum
974 2083 1108 2148 antiquae
1129 2084 1208 2134 urbis

85 2145 192 2196 dicitur
212 2141 353 2206 Κλαύδος,
372 2143 500 2208 aPlinlo,
519 2141 568 2202 lv,
588 2144 629 2202 12,
664 2143 823 2194 desolatum
846 2171 881 2182 -
904 2145 988 2200 hodie
1007 2151 1155 2206 Ronielum
1174 2177 1209 2190 ..

86 2214 247 2265 Gaudos.
285 2214 379 2263 Hodie
406 2209 629 2262 GraecisGar·
662 2215 808 2279 ingentem
823 2213 928 2276 aspicio
942 2217 1077 2283 templum
1096 2221 1124 2268 in
1143 2221 1208 2271 sub-

86 2282 161 2343 dus,
181 2282 261 2332 ltalis
279 2281 406 2332 Guzzo
424 2280 539 2330 dicitur.
558 2277 631 2329 Sunt
663 2281 795 2332 versione
813 2279 953 2344 volutum,
973 2299 1029 2351 quo
1049 2287 1144 2338 omnia
1162 2303 1209 2354 ge-

85 2349 160 2401 duae
173 2350 248 2401 aliae
257 2351 389 2410 minores,
399 2363 516 2415 quarum
529 2345 630 2397 nnaad
664 2363 731 2399 nera
746 2361 916 2401 marmorum
933 2354 1040 2404 -siue
1057 2356 1157 2406 ordine
1167 2357 1216 2422 ju-¹

85 2432 217 2468 occasum
235 2414 574 2484 eregiouehuicClaudo
586 2416 630 2482 ja·
665 2424 737 2472 emt.
774 2416 885 2480 aspicio
910 2420 1052 2471 idolorum
1077 2425 1138 2475 sine
1163 2439 1208 2476 ca.-

86 2493 133 2538 cet
146 2501 266 2554 eamque
280 2487 316 2536 ob
330 2499 443 2538 causam
457 2485 630 2552 Autigar-
665 2485 774 2552 pitibus
798 2483 882 2537 busta
904 2489 987 2539 etab
1006 2489 1096 2542 altero
1116 2492 1208 2544 latere
1299 2531 1307 2542 ,
1377 2517 1383 2529 ι

86 2554 129 2606 do
155 2556 215 2606 sive
242 2557 452 2622 Antigozzo
478 2553 595 2604 dicitur.
663 2555 760 2620 templi
783 2561 869 2619 caput
893 2555 1013 2608 Veneris
1034 2559 1079 2609 vel
1097 2560 1208 2612 Dianae

119 2625 146 2684 l)
185 2623 259 2685 Quin
274 2623 407 2688 oppidum
425 2619 571 2672 'Parrha
587 2621 629 2670 in·
662 2623 767 2685 inveni,
785 2623 860 2687 quod
875 2639 960 2690 super
975 2628 1069 2678 omnia
1084 2627 1211 2694 pulcher-

85 2691 276 2759 telligendurn
293 2691 347 2751 sit,
378 2704 434 2742 nou
455 2695 630 2755 potestesse
664 2693 763 2741 riarum
794 2690 953 2745 ridebatur.
988 2723 1023 2734 -
1059 2696 1210 2747 Columnae

86 2761 218 2821 dubium3
244 2759 274 2810 id
302 2766 396 2809 autem
421 2772 586 2825 quamquam
613 2771 630 2806 a
664 2761 861 2826 cisternaeque
887 2776 950 2810 cuni
975 2759 1116 2813 hedificiis
1151 2779 1209 2814 anr-

1 2873 2 2880 ,
86 2827 630 2892 ceterisomuibusscriptnmest'l‘ar·
664 2828 718 2893 plis
746 2830 844 2878 omnia·
869 2834 1025 2894 patescunt.
1064 2831 1210 2882 Cernimus

85 2895 164 2960 rlra,
182 2901 279 2945 tamen
293 2909 350 2944 non
368 2894 539 2961 negaverim,
558 2890 630 2942 hauc
664 2894 747 2946 nimis
766 2894 874 2946 deletas
888 2894 1011 2947 Graecas
1025 2899 1125 2950 literas
1142 2900 1210 2950 scri·

86 2963 210 3013 nominis
228 2961 361 3024 sormam,
380 2976 451 3029 quae
469 2966 513 3010 est
530 2962 559 3011 in
576 2958 631 3010 hoo
666 2969 744 3029 ptus,
770 2964 914 3030 sequimur
938 2965 1039 3016 deinde
1064 2982 1127 3028 eas,
1154 2966 1211 3018 heu

87 3030 217 3096 periplo,
242 3029 329 3080 luisse
349 3035 521 3094 usurpatam.
558 3028 631 3079 Nam
665 3032 783 3082 scissum
803 3039 874 3094 erat,
892 3034 941 3084 sed
960 3049 1010 3100 per
1030 3035 1211 3102 conjecturas

85 3101 238 3158 'l'arsus,
257 3112 359 3148 nomeu
376 3089 454 3148 urbis
473 3096 567 3159 Tarsi,
592 3098 632 3146 vi·
666 3100 707 3150 sic
726 3114 841 3152 cernere
861 3103 956 3167 potui:
975 3103 1081 3155 Munda
1100 3105 1210 3170 pedem,
1272 3111 1275 3116 “

87 3167 172 3219 detur
195 3165 278 3216 uobis
307 3164 424 3216 eandem
450 3165 485 3215 ob
511 3179 632 3226 causam,
667 3168 731 3217 uela
751 3171 982 3234 caput,etiutra.
1000 3163 1211 3232 “Quaeinscii-

86 3249 273 3304 quaecunque
291 3247 326 3284 ea
343 3231 416 3295 tuit,
438 3233 483 3282 illi
504 3247 565 3283 esse
585 3233 632 3282 da·
667 3235 728 3300 ptio
756 3237 872 3302 templi,
898 3237 974 3303 quod
999 3239 1100 3289 merito
1122 3241 1211 3304 suspi-

72 3298 148 3355 'tum
169 3309 255 3369 atque
271 3299 475 3352 huic'l'arrbae
491 3302 553 3351 sive
562 3302 632 3350 'l'ar·
667 3317 763 3353 camur
790 3303 928 3370 Apollinis
945 3303 1050 3368 luisse,
1068 3312 1101 3356 nt
1118 3307 1212 3358 linon-

85 3371 148 3424 rho.
184 3373 264 3422 llaec
287 3374 382 3420 autem
410 3367 520 3420 Tarrha
546 3383 633 3434 quon·
666 3370 805 3421 delmonti
830 3372 965 3437 dicit,.si
989 3373 1032 3424 ita
1056 3389 1085 3426 sc
1103 3373 1211 3438 habuit,

87 3441 155 3492 darn
173 3439 358 3490 celeberrima
376 3435 432 3487 fuit
450 3437 631 3488 veneratione
665 3439 742 3488 idem
766 3451 825 3490 mos
849 3439 905 3490 tuit
932 3441 961 3492 id
988 3441 1211 3509 ingredientium

85 3507 237 3575 Apollinis,
256 3507 303 3573 qui
321 3506 387 3556 inde
404 3504 567 3557 'l'arrhaens
587 3520 633 3571 ap·
666 3507 717 3574 qui
753 3507 888 3574 templum
918 3509 1112 3560 Britomartis:
1148 3527 1212 3562 nam

87 3577 212 3644 pullatus
224 3581 277 3627 est.
298 3574 392 3625 Etiam
399 3573 526 3624 Lucillus
540 3590 632 3642 gram·
666 3573 953 3630 Solinuslraectradit
965 3578 1212 3644 capiteXl.·„Cre·

87 3639 633 3708 maticus,'l'arrhaeusappellatus,fuit
665 3649 710 3696 tes
734 3645 854 3696 Dianam
880 3645 1098 3715 religiosissime
1129 3663 1213 3699 venc-

87 3728 122 3764 ex
132 3711 186 3770 hoc
196 3711 300 3778 oppido
309 3711 454 3762 oriundus.
463 3711 632 3762 Fuitautcm
665 3719 772 3775 rantur,
786 3713 989 3766 Britomartem
1004 3717 1152 3782 gentiliter
1165 3731 1212 3767 uo·

86 3779 201 3833 'l'arrha
225 3780 266 3830 ibi
284 3779 394 3845 posita,
419 3780 469 3831 nbi
486 3785 530 3831 est
549 3778 634 3832 hodie
666 3784 823 3844 minantes,
855 3783 931 3850 quod
955 3798 1085 3835 sermone
1112 3790 1211 3835 nostro

87 3852 169 3900 vicus
200 3848 320 3916 Hagio
352 3848 512 3910 linurin,
539 3850 633 3900 admo·
668 3855 753 3900 sonat
780 3851 918 3918 virginem
950 3851 1071 3905 dulcem.
1107 3852 1212 3904 Aedem

89 3918 157 3969 dum
183 3931 269 3983 prope
292 3931 309 3967 a
332 3914 432 3978 litore,
449 3923 481 3966 ut
498 3931 569 3984 quae
587 3933 633 3968 su·
669 3918 792 3969 numinis
805 3926 1003 3986 praeterquam
1022 3919 1212 3973 nudusvesti-

88 3991 208 4052 pereunt
239 3984 362 4051 vestigia
395 3986 501 4044 veteris
535 3985 634 4052 oppidi
668 3988 717 4056 gia
741 3986 835 4038 nullus
858 3988 939 4039 licito
962 3989 1136 4056 ingreditur.
1171 3990 1212 4040 Ea

90 4054 249 4106 declarant.
280 4053 468 4114 Quamobrem
486 4053 634 4105 lloeckius
669 4055 754 4107 aedes
780 4062 906 4107 ostentat
933 4071 1033 4108 suanus
1061 4057 1213 4110 Daedali.“

91 4121 183 4173 falsus
208 4128 260 4183 est,
279 4135 343 4172 cuni
362 4121 485 4183 diceret,
503 4121 635 4174 'l'arrban
669 4124 751 4177 Nunc
765 4123 896 4176 Pashleio
910 4129 1025 4176 auctore
1043 4141 1149 4192 paucae
1163 4125 1213 4176 ad·

90 4190 326 4243 urediterrancanr
340 4186 430 4244 fuisse
442 4192 548 4255 urbem,
559 4191 636 4259 quod
670 4192 784 4244 modurn
805 4193 943 4261 reliquiae
962 4200 1101 4246 veterum‘
1115 4194 1211 4246 aedili-
